{
  "total_return_pct": 245.43388070687934,
  "final_capital": 34543388.070687935,
  "total_trades": 76,
  "win_rate": 53.94736842105263,
  "avg_win": 7.850042331165449,
  "avg_loss": -4.963478681692145,
  "sharpe_ratio": 4.090988538355856,
  "max_drawdown": -46.77057069609928,
  "avg_hold_hours": 114.94736842105263,
  "profit_factor": 1.8526852764714492,
  "trades": [
    {
      "entry_price": 8300000.0,
      "entry_timestamp": "2020-01-01T09:00:00",
      "exit_price": 8037000.0,
      "exit_timestamp": "2020-01-02T09:00:00",
      "btc_amount": 1.2039759036144577,
      "sell_revenue": 9669580.88931325,
      "return_pct": -0.031686746987951805,
      "capital_return": -0.03304191106867492,
      "score": 52.0,
      "timeframe": "unknown",
      "reason": "stop_loss",
      "capital_before": 10000000,
      "capital_after": 9669580.88931325
    },
    {
      "entry_price": 8037000.0,
      "entry_timestamp": "2020-01-02T09:00:00",
      "exit_price": 8474000.0,
      "exit_timestamp": "2020-01-03T09:00:00",
      "btc_amount": 1.2022909272975901,
      "sell_revenue": 10181081.568597237,
      "return_pct": 0.054373522458628844,
      "capital_return": 0.052897916170212986,
      "score": 52.0,
      "timeframe": "unknown",
      "reason": "take_profit",
      "capital_before": 9669580.88931325,
      "capital_after": 10181081.568597237
    },
    {
      "entry_price": 8474000.0,
      "entry_timestamp": "2020-01-03T09:00:00",
      "exit_price": 9398000.0,
      "exit_timestamp": "2020-01-07T09:00:00",
      "btc_amount": 1.2006083091219282,
      "sell_revenue": 11275418.56730549,
      "return_pct": 0.10903941468019826,
      "capital_return": 0.10748730292895914,
      "score": 52.0,
      "timeframe": "unknown",
      "reason": "take_profit",
      "capital_before": 10181081.568597237,
      "capital_after": 11275418.56730549
    },
    {
      "entry_price": 9398000.0,
      "entry_timestamp": "2020-01-07T09:00:00",
      "exit_price": 9085000.0,
      "exit_timestamp": "2020-01-08T09:00:00",
      "btc_amount": 1.1989280457872287,
      "sell_revenue": 10884636.71306979,
      "return_pct": -0.033304958501808896,
      "capital_return": -0.03465785787933611,
      "score": 52.0,
      "timeframe": "unknown",
      "reason": "stop_loss",
      "capital_before": 11275418.56730549,
      "capital_after": 10884636.71306979
    },
    {
      "entry_price": 9085000.0,
      "entry_timestamp": "2020-01-08T09:00:00",
      "exit_price": 9716000.0,
      "exit_timestamp": "2020-01-14T09:00:00",
      "btc_amount": 1.1972501339978692,
      "sell_revenue": 11624339.564311951,
      "return_pct": 0.06945514584479912,
      "capital_return": 0.06795843267363806,
      "score": 52.0,
      "timeframe": "unknown",
      "reason": "take_profit",
      "capital_before": 10884636.71306979,
      "capital_after": 11624339.564311951
    },
    {
      "entry_price": 9716000.0,
      "entry_timestamp": "2020-01-14T09:00:00",
      "exit_price": 10570000.0,
      "exit_timestamp": "2020-01-28T09:00:00",
      "btc_amount": 1.1955745704628378,
      "sell_revenue": 12628377.15354534,
      "return_pct": 0.08789625360230548,
      "capital_return": 0.08637373191642637,
      "score": 52.0,
      "timeframe": "unknown",
      "reason": "take_profit",
      "capital_before": 11624339.564311951,
      "capital_after": 12628377.15354534
    },
    {
      "entry_price": 10570000.0,
      "entry_timestamp": "2020-01-28T09:00:00",
      "exit_price": 11264000.0,
      "exit_timestamp": "2020-02-06T09:00:00",
      "btc_amount": 1.1939013518957293,
      "sell_revenue": 13438691.154374069,
      "return_pct": 0.06565752128666036,
      "capital_return": 0.06416612292904456,
      "score": 52.0,
      "timeframe": "unknown",
      "reason": "take_profit",
      "capital_before": 12628377.15354534,
      "capital_after": 13438691.154374069
    },
    {
      "entry_price": 11264000.0,
      "entry_timestamp": "2020-02-06T09:00:00",
      "exit_price": 11845000.0,
      "exit_timestamp": "2020-02-14T09:00:00",
      "btc_amount": 1.1922304750147377,
      "sell_revenue": 14112084.597565982,
      "return_pct": 0.051580255681818184,
      "capital_return": 0.05010855859818875,
      "score": 52.0,
      "timeframe": "unknown",
      "reason": "take_profit",
      "capital_before": 13438691.154374069,
      "capital_after": 14112084.597565982
    },
    {
      "entry_price": 11845000.0,
      "entry_timestamp": "2020-02-14T09:00:00",
      "exit_price": 11503000.0,
      "exit_timestamp": "2020-02-15T09:00:00",
      "btc_amount": 1.1905619365426499,
      "sell_revenue": 13685447.432280866,
      "return_pct": -0.028872942169691853,
      "capital_return": -0.030232044198395848,
      "score": 52.0,
      "timeframe": "unknown",
      "reason": "stop_loss",
      "capital_before": 14112084.597565982,
      "capital_after": 13685447.432280866
    },
    {
      "entry_price": 11503000.0,
      "entry_timestamp": "2020-02-15T09:00:00",
      "exit_price": 10741000.0,
      "exit_timestamp": "2020-02-26T09:00:00",
      "btc_amount": 1.188895733206839,
      "sell_revenue": 12760990.120025396,
      "return_pct": -0.06624358862905329,
      "capital_return": -0.06755039006433103,
      "score": 52.0,
      "timeframe": "unknown",
      "reason": "stop_loss",
      "capital_before": 13685447.432280866,
      "capital_after": 12760990.120025396
    },
    {
      "entry_price": 10741000.0,
      "entry_timestamp": "2020-02-26T09:00:00",
      "exit_price": 10374000.0,
      "exit_timestamp": "2020-02-29T09:00:00",
      "btc_amount": 1.1872318617392588,
      "sell_revenue": 12307721.893349491,
      "return_pct": -0.03416814076901592,
      "capital_return": -0.03551983211432838,
      "score": 52.0,
      "timeframe": "unknown",
      "reason": "stop_loss",
      "capital_before": 12760990.120025396,
      "capital_after": 12307721.893349491
    },
    {
      "entry_price": 10374000.0,
      "entry_timestamp": "2020-02-29T09:00:00",
      "exit_price": 9876000.0,
      "exit_timestamp": "2020-03-08T09:00:00",
      "btc_amount": 1.185570318876436,
      "sell_revenue": 11700496.384495225,
      "return_pct": -0.04800462695199537,
      "capital_return": -0.04933695399652978,
      "score": 52.0,
      "timeframe": "unknown",
      "reason": "stop_loss",
      "capital_before": 12307721.893349491,
      "capital_after": 11700496.384495225
    },
    {
      "entry_price": 9876000.0,
      "entry_timestamp": "2020-03-08T09:00:00",
      "exit_price": 9574000.0,
      "exit_timestamp": "2020-03-10T09:00:00",
      "btc_amount": 1.1839111013594652,
      "sell_revenue": 11326830.54899643,
      "return_pct": -0.030579181855002024,
      "capital_return": -0.03193589598420404,
      "score": 52.0,
      "timeframe": "unknown",
      "reason": "stop_loss",
      "capital_before": 11700496.384495225,
      "capital_after": 11326830.54899643
    },
    {
      "entry_price": 9574000.0,
      "entry_timestamp": "2020-03-10T09:00:00",
      "exit_price": 6363000.0,
      "exit_timestamp": "2020-03-12T09:00:00",
      "btc_amount": 1.1822542059340018,
      "sell_revenue": 7517417.633899403,
      "return_pct": -0.3353875078337163,
      "capital_return": -0.3363176396626279,
      "score": 52.0,
      "timeframe": "unknown",
      "reason": "stop_loss",
      "capital_before": 11326830.54899643,
      "capital_after": 7517417.633899403
    },
    {
      "entry_price": 6363000.0,
      "entry_timestamp": "2020-03-12T09:00:00",
      "exit_price": 7267000.0,
      "exit_timestamp": "2020-03-13T09:00:00",
      "btc_amount": 1.1805996293502552,
      "sell_revenue": 8573411.914233763,
      "return_pct": 0.14207134999214208,
      "capital_return": 0.14047300971711466,
      "score": 52.0,
      "timeframe": "unknown",
      "reason": "take_profit",
      "capital_before": 7517417.633899403,
      "capital_after": 8573411.914233763
    },
    {
      "entry_price": 7267000.0,
      "entry_timestamp": "2020-03-13T09:00:00",
      "exit_price": 6823000.0,
      "exit_timestamp": "2020-03-14T09:00:00",
      "btc_amount": 1.1789473683629834,
      "sell_revenue": 8038327.123814598,
      "return_pct": -0.061098114765377735,
      "capital_return": -0.06241211734278226,
      "score": 52.0,
      "timeframe": "unknown",
      "reason": "stop_loss",
      "capital_before": 8573411.914233763,
      "capital_after": 8038327.123814598
    },
    {
      "entry_price": 6823000.0,
      "entry_timestamp": "2020-03-14T09:00:00",
      "exit_price": 6385000.0,
      "exit_timestamp": "2020-03-16T09:00:00",
      "btc_amount": 1.1772974197314858,
      "sell_revenue": 7511782.094168047,
      "return_pct": -0.0641946357907079,
      "capital_return": -0.06550430475597238,
      "score": 52.0,
      "timeframe": "unknown",
      "reason": "stop_loss",
      "capital_before": 8038327.123814598,
      "capital_after": 7511782.094168047
    },
    {
      "entry_price": 6385000.0,
      "entry_timestamp": "2020-03-16T09:00:00",
      "exit_price": 6774000.0,
      "exit_timestamp": "2020-03-17T09:00:00",
      "btc_amount": 1.1756497802195973,
      "sell_revenue": 7958276.915079707,
      "return_pct": 0.06092404072043853,
      "capital_return": 0.05943926691620978,
      "score": 52.0,
      "timeframe": "unknown",
      "reason": "take_profit",
      "capital_before": 7511782.094168047,
      "capital_after": 7958276.915079707
    },
    {
      "entry_price": 6774000.0,
      "entry_timestamp": "2020-03-17T09:00:00",
      "exit_price": 7679000.0,
      "exit_timestamp": "2020-03-19T09:00:00",
      "btc_amount": 1.1740044465956823,
      "sell_revenue": 9008869.519306459,
      "return_pct": 0.13359905521110127,
      "capital_return": 0.13201257199734284,
      "score": 52.0,
      "timeframe": "unknown",
      "reason": "take_profit",
      "capital_before": 7958276.915079707,
      "capital_after": 9008869.519306459
    },
    {
      "entry_price": 7679000.0,
      "entry_timestamp": "2020-03-19T09:00:00",
      "exit_price": 7366000.0,
      "exit_timestamp": "2020-03-22T09:00:00",
      "btc_amount": 1.1723614156326272,
      "sell_revenue": 8629569.257618647,
      "return_pct": -0.04076051569214741,
      "capital_return": -0.04210298094283106,
      "score": 52.0,
      "timeframe": "unknown",
      "reason": "stop_loss",
      "capital_before": 9008869.519306459,
      "capital_after": 8629569.257618647
    },
    {
      "entry_price": 7366000.0,
      "entry_timestamp": "2020-03-22T09:00:00",
      "exit_price": 8047000.0,
      "exit_timestamp": "2020-03-23T09:00:00",
      "btc_amount": 1.1707206841078353,
      "sell_revenue": 9414194.79247424,
      "return_pct": 0.09245180559326636,
      "capital_return": 0.09092290836682068,
      "score": 52.0,
      "timeframe": "unknown",
      "reason": "take_profit",
      "capital_before": 8629569.257618647,
      "capital_after": 9414194.79247424
    },
    {
      "entry_price": 8047000.0,
      "entry_timestamp": "2020-03-23T09:00:00",
      "exit_price": 7880000.0,
      "exit_timestamp": "2020-03-27T09:00:00",
      "btc_amount": 1.1690822488032195,
      "sell_revenue": 9205919.462884972,
      "return_pct": -0.02075307568037778,
      "capital_return": -0.022123541543432334,
      "score": 52.0,
      "timeframe": "unknown",
      "reason": "stop_loss",
      "capital_before": 9414194.79247424,
      "capital_after": 9205919.462884972
    },
    {
      "entry_price": 7880000.0,
      "entry_timestamp": "2020-03-27T09:00:00",
      "exit_price": 7656000.0,
      "exit_timestamp": "2020-03-28T09:00:00",
      "btc_amount": 1.167446106505197,
      "sell_revenue": 8931710.814229807,
      "return_pct": -0.028426395939086295,
      "capital_return": -0.029786122913705446,
      "score": 52.0,
      "timeframe": "unknown",
      "reason": "stop_loss",
      "capital_before": 9205919.462884972,
      "capital_after": 8931710.814229807
    },
    {
      "entry_price": 7656000.0,
      "entry_timestamp": "2020-03-28T09:00:00",
      "exit_price": 7218000.0,
      "exit_timestamp": "2020-03-29T09:00:00",
      "btc_amount": 1.165812254004682,
      "sell_revenue": 8408942.46641121,
      "return_pct": -0.05721003134796238,
      "capital_return": -0.05852947533699066,
      "score": 52.0,
      "timeframe": "unknown",
      "reason": "stop_loss",
      "capital_before": 8931710.814229807,
      "capital_after": 8408942.46641121
    },
    {
      "entry_price": 7218000.0,
      "entry_timestamp": "2020-03-29T09:00:00",
      "exit_price": 7798000.0,
      "exit_timestamp": "2020-03-30T09:00:00",
      "btc_amount": 1.16418068809708,
      "sell_revenue": 9071926.209076984,
      "return_pct": 0.08035466888334719,
      "capital_return": 0.07884270172069843,
      "score": 52.0,
      "timeframe": "unknown",
      "reason": "take_profit",
      "capital_before": 8408942.46641121,
      "capital_after": 9071926.209076984
    },
    {
      "entry_price": 7798000.0,
      "entry_timestamp": "2020-03-30T09:00:00",
      "exit_price": 8249000.0,
      "exit_timestamp": "2020-04-04T09:00:00",
      "btc_amount": 1.1625514055822812,
      "sell_revenue": 9583173.624066984,
      "return_pct": 0.057835342395486024,
      "capital_return": 0.056354891255450026,
      "score": 52.0,
      "timeframe": "unknown",
      "reason": "take_profit",
      "capital_before": 9071926.209076984,
      "capital_after": 9583173.624066984
    },
    {
      "entry_price": 8249000.0,
      "entry_timestamp": "2020-04-04T09:00:00",
      "exit_price": 8786000.0,
      "exit_timestamp": "2020-04-06T09:00:00",
      "btc_amount": 1.1609244032646548,
      "sell_revenue": 10192741.8898183,
      "return_pct": 0.06509879985452782,
      "capital_return": 0.06360818343314349,
      "score": 52.0,
      "timeframe": "unknown",
      "reason": "take_profit",
      "capital_before": 9583173.624066984,
      "capital_after": 10192741.8898183
    },
    {
      "entry_price": 8786000.0,
      "entry_timestamp": "2020-04-06T09:00:00",
      "exit_price": 8414000.0,
      "exit_timestamp": "2020-04-10T09:00:00",
      "btc_amount": 1.159299677953042,
      "sell_revenue": 9747519.447053688,
      "return_pct": -0.04234008650125199,
      "capital_return": -0.043680341126792595,
      "score": 52.0,
      "timeframe": "unknown",
      "reason": "stop_loss",
      "capital_before": 10192741.8898183,
      "capital_after": 9747519.447053688
    },
    {
      "entry_price": 8414000.0,
      "entry_timestamp": "2020-04-10T09:00:00",
      "exit_price": 8108000.0,
      "exit_timestamp": "2020-04-15T09:00:00",
      "btc_amount": 1.15767722646075,
      "sell_revenue": 9379876.43927726,
      "return_pct": -0.03636795816496316,
      "capital_return": -0.03771657084383174,
      "score": 52.0,
      "timeframe": "unknown",
      "reason": "stop_loss",
      "capital_before": 9747519.447053688,
      "capital_after": 9379876.43927726
    },
    {
      "entry_price": 8108000.0,
      "entry_timestamp": "2020-04-15T09:00:00",
      "exit_price": 8562000.0,
      "exit_timestamp": "2020-04-16T09:00:00",
      "btc_amount": 1.156057045605546,
      "sell_revenue": 9891231.712177552,
      "return_pct": 0.055994079921065615,
      "capital_return": 0.05451620564627541,
      "score": 52.0,
      "timeframe": "unknown",
      "reason": "take_profit",
      "capital_before": 9379876.43927726,
      "capital_after": 9891231.712177552
    },
    {
      "entry_price": 8562000.0,
      "entry_timestamp": "2020-04-16T09:00:00",
      "exit_price": 8387000.0,
      "exit_timestamp": "2020-04-20T09:00:00",
      "btc_amount": 1.1544391322096506,
      "sell_revenue": 9675503.405141048,
      "return_pct": -0.020439149731371176,
      "capital_return": -0.021810054936930764,
      "score": 52.0,
      "timeframe": "unknown",
      "reason": "stop_loss",
      "capital_before": 9891231.712177552,
      "capital_after": 9675503.405141048
    },
    {
      "entry_price": 8387000.0,
      "entry_timestamp": "2020-04-20T09:00:00",
      "exit_price": 9057000.0,
      "exit_timestamp": "2020-04-23T09:00:00",
      "btc_amount": 1.1528234830997317,
      "sell_revenue": 10433813.500833767,
      "return_pct": 0.07988553714081316,
      "capital_return": 0.07837422653272932,
      "score": 52.0,
      "timeframe": "unknown",
      "reason": "take_profit",
      "capital_before": 9675503.405141048,
      "capital_after": 10433813.500833767
    },
    {
      "entry_price": 9057000.0,
      "entry_timestamp": "2020-04-23T09:00:00",
      "exit_price": 10530000.0,
      "exit_timestamp": "2020-04-29T09:00:00",
      "btc_amount": 1.1512100951068989,
      "sell_revenue": 12113756.731864613,
      "return_pct": 0.16263663464723419,
      "capital_return": 0.1610095130506791,
      "score": 52.0,
      "timeframe": "unknown",
      "reason": "take_profit",
      "capital_before": 10433813.500833767,
      "capital_after": 12113756.731864613
    },
    {
      "entry_price": 10530000.0,
      "entry_timestamp": "2020-04-29T09:00:00",
      "exit_price": 11269000.0,
      "exit_timestamp": "2020-05-06T09:00:00",
      "btc_amount": 1.1495989650666958,
      "sell_revenue": 12945762.355820458,
      "return_pct": 0.07018043684710351,
      "capital_return": 0.0686827086239315,
      "score": 52.0,
      "timeframe": "unknown",
      "reason": "take_profit",
      "capital_before": 12113756.731864613,
      "capital_after": 12945762.355820458
    },
    {
      "entry_price": 11269000.0,
      "entry_timestamp": "2020-05-06T09:00:00",
      "exit_price": 11998000.0,
      "exit_timestamp": "2020-05-07T09:00:00",
      "btc_amount": 1.1479900898190953,
      "sell_revenue": 13763943.588081151,
      "return_pct": 0.0646907445203656,
      "capital_return": 0.06320069917650202,
      "score": 52.0,
      "timeframe": "unknown",
      "reason": "take_profit",
      "capital_before": 12945762.355820458,
      "capital_after": 13763943.588081151
    },
    {
      "entry_price": 11998000.0,
      "entry_timestamp": "2020-05-07T09:00:00",
      "exit_price": 11550000.0,
      "exit_timestamp": "2020-05-09T09:00:00",
      "btc_amount": 1.1463834662084926,
      "sell_revenue": 13231460.524383795,
      "return_pct": -0.03733955659276546,
      "capital_return": -0.03868680950991829,
      "score": 52.0,
      "timeframe": "unknown",
      "reason": "stop_loss",
      "capital_before": 13763943.588081151,
      "capital_after": 13231460.524383795
    },
    {
      "entry_price": 11550000.0,
      "entry_timestamp": "2020-05-09T09:00:00",
      "exit_price": 10671000.0,
      "exit_timestamp": "2020-05-10T09:00:00",
      "btc_amount": 1.1447790910836992,
      "sell_revenue": 12207386.524577487,
      "return_pct": -0.0761038961038961,
      "capital_return": -0.07739689794025967,
      "score": 52.0,
      "timeframe": "unknown",
      "reason": "stop_loss",
      "capital_before": 13231460.524383795,
      "capital_after": 12207386.524577487
    },
    {
      "entry_price": 10671000.0,
      "entry_timestamp": "2020-05-10T09:00:00",
      "exit_price": 10448000.0,
      "exit_timestamp": "2020-05-11T09:00:00",
      "btc_amount": 1.1431769612979368,
      "sell_revenue": 11935552.152616695,
      "return_pct": -0.020897760284884267,
      "capital_return": -0.022268023660387964,
      "score": 52.0,
      "timeframe": "unknown",
      "reason": "stop_loss",
      "capital_before": 12207386.524577487,
      "capital_after": 11935552.152616695
    },
    {
      "entry_price": 10448000.0,
      "entry_timestamp": "2020-05-11T09:00:00",
      "exit_price": 11268000.0,
      "exit_timestamp": "2020-05-13T09:00:00",
      "btc_amount": 1.1415770737088307,
      "sell_revenue": 12854286.163224518,
      "return_pct": 0.07848392036753446,
      "capital_return": 0.07697457133614088,
      "score": 52.0,
      "timeframe": "unknown",
      "reason": "take_profit",
      "capital_before": 11935552.152616695,
      "capital_after": 12854286.163224518
    },
    {
      "entry_price": 11268000.0,
      "entry_timestamp": "2020-05-13T09:00:00",
      "exit_price": 10664000.0,
      "exit_timestamp": "2020-05-24T09:00:00",
      "btc_amount": 1.1399794251784043,
      "sell_revenue": 12148230.871689431,
      "return_pct": -0.05360312389066383,
      "capital_return": -0.05492761578274774,
      "score": 52.0,
      "timeframe": "unknown",
      "reason": "stop_loss",
      "capital_before": 12854286.163224518,
      "capital_after": 12148230.871689431
    },
    {
      "entry_price": 10664000.0,
      "entry_timestamp": "2020-05-24T09:00:00",
      "exit_price": 11579000.0,
      "exit_timestamp": "2020-05-28T09:00:00",
      "btc_amount": 1.1383840125730729,
      "sell_revenue": 13172121.537646502,
      "return_pct": 0.08580270067516879,
      "capital_return": 0.08428310893754691,
      "score": 52.0,
      "timeframe": "unknown",
      "reason": "take_profit",
      "capital_before": 12148230.871689431,
      "capital_after": 13172121.537646502
    },
    {
      "entry_price": 11579000.0,
      "entry_timestamp": "2020-05-28T09:00:00",
      "exit_price": 11090000.0,
      "exit_timestamp": "2020-06-11T09:00:00",
      "btc_amount": 1.1367908327636367,
      "sell_revenue": 12598185.428113988,
      "return_pct": -0.042231626219880816,
      "capital_return": -0.0435720326366698,
      "score": 52.0,
      "timeframe": "unknown",
      "reason": "stop_loss",
      "capital_before": 13172121.537646502,
      "capital_after": 12598185.428113988
    },
    {
      "entry_price": 11090000.0,
      "entry_timestamp": "2020-06-11T09:00:00",
      "exit_price": 10837000.0,
      "exit_timestamp": "2020-07-03T09:00:00",
      "btc_amount": 1.1351998826252756,
      "sell_revenue": 12293549.615220504,
      "return_pct": -0.022813345356176736,
      "capital_return": -0.024180927851217483,
      "score": 52.0,
      "timeframe": "unknown",
      "reason": "stop_loss",
      "capital_before": 12598185.428113988,
      "capital_after": 12293549.615220504
    },
    {
      "entry_price": 10837000.0,
      "entry_timestamp": "2020-07-03T09:00:00",
      "exit_price": 11477000.0,
      "exit_timestamp": "2020-07-25T09:00:00",
      "btc_amount": 1.1336111590375426,
      "sell_revenue": 13001347.953583283,
      "return_pct": 0.059056934575989664,
      "capital_return": 0.05757477380548108,
      "score": 52.0,
      "timeframe": "unknown",
      "reason": "take_profit",
      "capital_before": 12293549.615220504,
      "capital_after": 13001347.953583283
    },
    {
      "entry_price": 11477000.0,
      "entry_timestamp": "2020-07-25T09:00:00",
      "exit_price": 12916000.0,
      "exit_timestamp": "2020-07-27T09:00:00",
      "btc_amount": 1.1320246588843579,
      "sell_revenue": 14610995.63280446,
      "return_pct": 0.1253811971769626,
      "capital_return": 0.1238062149377015,
      "score": 52.0,
      "timeframe": "unknown",
      "reason": "take_profit",
      "capital_before": 13001347.953583283,
      "capital_after": 14610995.63280446
    },
    {
      "entry_price": 12916000.0,
      "entry_timestamp": "2020-07-27T09:00:00",
      "exit_price": 13922000.0,
      "exit_timestamp": "2020-08-01T09:00:00",
      "btc_amount": 1.1304403790540027,
      "sell_revenue": 15726974.363519793,
      "return_pct": 0.07788789098792195,
      "capital_return": 0.07637937610560558,
      "score": 52.0,
      "timeframe": "unknown",
      "reason": "take_profit",
      "capital_before": 14610995.63280446,
      "capital_after": 15726974.363519793
    },
    {
      "entry_price": 13922000.0,
      "entry_timestamp": "2020-08-01T09:00:00",
      "exit_price": 13030000.0,
      "exit_timestamp": "2020-08-02T09:00:00",
      "btc_amount": 1.1288583164391128,
      "sell_revenue": 14698727.546497399,
      "return_pct": -0.06407125413015372,
      "capital_return": -0.06538109576928607,
      "score": 52.0,
      "timeframe": "unknown",
      "reason": "stop_loss",
      "capital_before": 15726974.363519793,
      "capital_after": 14698727.546497399
    },
    {
      "entry_price": 13030000.0,
      "entry_timestamp": "2020-08-02T09:00:00",
      "exit_price": 13843000.0,
      "exit_timestamp": "2020-08-05T09:00:00",
      "btc_amount": 1.1272784679366732,
      "sell_revenue": 15593992.390565213,
      "return_pct": 0.06239447429009977,
      "capital_return": 0.060907642599386025,
      "score": 52.0,
      "timeframe": "unknown",
      "reason": "take_profit",
      "capital_before": 14698727.546497399,
      "capital_after": 15593992.390565213
    },
    {
      "entry_price": 13843000.0,
      "entry_timestamp": "2020-08-05T09:00:00",
      "exit_price": 13476000.0,
      "exit_timestamp": "2020-08-25T09:00:00",
      "btc_amount": 1.125700830448011,
      "sell_revenue": 15159325.430043614,
      "return_pct": -0.026511594307592284,
      "capital_return": -0.027874001066242955,
      "score": 52.0,
      "timeframe": "unknown",
      "reason": "stop_loss",
      "capital_before": 15593992.390565213,
      "capital_after": 15159325.430043614
    },
    {
      "entry_price": 13476000.0,
      "entry_timestamp": "2020-08-25T09:00:00",
      "exit_price": 12303000.0,
      "exit_timestamp": "2020-09-03T09:00:00",
      "btc_amount": 1.1241254008787906,
      "sell_revenue": 13820433.726646852,
      "return_pct": -0.08704363312555655,
      "capital_return": -0.0883213246905611,
      "score": 52.0,
      "timeframe": "unknown",
      "reason": "stop_loss",
      "capital_before": 15159325.430043614,
      "capital_after": 13820433.726646852
    },
    {
      "entry_price": 12303000.0,
      "entry_timestamp": "2020-09-03T09:00:00",
      "exit_price": 12940000.0,
      "exit_timestamp": "2020-09-19T09:00:00",
      "btc_amount": 1.1225521761390067,
      "sell_revenue": 14515657.08162728,
      "return_pct": 0.05177598959603349,
      "capital_return": 0.05030401858083398,
      "score": 52.0,
      "timeframe": "unknown",
      "reason": "take_profit",
      "capital_before": 13820433.726646852,
      "capital_after": 14515657.08162728
    },
    {
      "entry_price": 12940000.0,
      "entry_timestamp": "2020-09-19T09:00:00",
      "exit_price": 12290000.0,
      "exit_timestamp": "2020-09-21T09:00:00",
      "btc_amount": 1.1209811531429783,
      "sell_revenue": 13767214.571266714,
      "return_pct": -0.05023183925811438,
      "capital_return": -0.05156104929675431,
      "score": 52.0,
      "timeframe": "unknown",
      "reason": "stop_loss",
      "capital_before": 14515657.08162728,
      "capital_after": 13767214.571266714
    },
    {
      "entry_price": 12290000.0,
      "entry_timestamp": "2020-09-21T09:00:00",
      "exit_price": 11943000.0,
      "exit_timestamp": "2020-09-23T09:00:00",
      "btc_amount": 1.1194123288093432,
      "sell_revenue": 13359783.043959906,
      "return_pct": -0.02823433685923515,
      "capital_return": -0.02959433262245731,
      "score": 52.0,
      "timeframe": "unknown",
      "reason": "stop_loss",
      "capital_before": 13767214.571266714,
      "capital_after": 13359783.043959906
    },
    {
      "entry_price": 11943000.0,
      "entry_timestamp": "2020-09-23T09:00:00",
      "exit_price": 12601000.0,
      "exit_timestamp": "2020-09-29T09:00:00",
      "btc_amount": 1.117845700061051,
      "sell_revenue": 14076113.484902777,
      "return_pct": 0.05509503474838818,
      "capital_return": 0.0536184186963074,
      "score": 52.0,
      "timeframe": "unknown",
      "reason": "take_profit",
      "capital_before": 13359783.043959906,
      "capital_after": 14076113.484902777
    },
    {
      "entry_price": 12601000.0,
      "entry_timestamp": "2020-09-29T09:00:00",
      "exit_price": 13415000.0,
      "exit_timestamp": "2020-10-19T09:00:00",
      "btc_amount": 1.1162812638253587,
      "sell_revenue": 14964430.715009235,
      "return_pct": 0.06459804777398619,
      "capital_return": 0.06310813216014602,
      "score": 52.0,
      "timeframe": "unknown",
      "reason": "take_profit",
      "capital_before": 14076113.484902777,
      "capital_after": 14964430.715009235
    },
    {
      "entry_price": 13415000.0,
      "entry_timestamp": "2020-10-19T09:00:00",
      "exit_price": 14423000.0,
      "exit_timestamp": "2020-10-21T09:00:00",
      "btc_amount": 1.1147190170338226,
      "sell_revenue": 16066338.068010949,
      "return_pct": 0.07513976891539322,
      "capital_return": 0.0736351000573986,
      "score": 52.0,
      "timeframe": "unknown",
      "reason": "take_profit",
      "capital_before": 14964430.715009235,
      "capital_after": 16066338.068010949
    },
    {
      "entry_price": 14423000.0,
      "entry_timestamp": "2020-10-21T09:00:00",
      "exit_price": 15312000.0,
      "exit_timestamp": "2020-10-27T09:00:00",
      "btc_amount": 1.1131589566222937,
      "sell_revenue": 17032758.6608399,
      "return_pct": 0.061637662067531025,
      "capital_return": 0.06015188954309095,
      "score": 52.0,
      "timeframe": "unknown",
      "reason": "take_profit",
      "capital_before": 16066338.068010949,
      "capital_after": 17032758.6608399
    },
    {
      "entry_price": 15312000.0,
      "entry_timestamp": "2020-10-27T09:00:00",
      "exit_price": 17352000.0,
      "exit_timestamp": "2020-11-05T09:00:00",
      "btc_amount": 1.1116010795309113,
      "sell_revenue": 19274999.98066796,
      "return_pct": 0.13322884012539185,
      "capital_return": 0.13164287503134814,
      "score": 52.0,
      "timeframe": "unknown",
      "reason": "take_profit",
      "capital_before": 17032758.6608399,
      "capital_after": 19274999.98066796
    },
    {
      "entry_price": 17352000.0,
      "entry_timestamp": "2020-11-05T09:00:00",
      "exit_price": 16647000.0,
      "exit_timestamp": "2020-11-07T09:00:00",
      "btc_amount": 1.1100453827040972,
      "sell_revenue": 18465990.238034993,
      "return_pct": -0.04062932226832642,
      "capital_return": -0.041971971125518565,
      "score": 52.0,
      "timeframe": "unknown",
      "reason": "stop_loss",
      "capital_before": 19274999.98066796,
      "capital_after": 18465990.238034993
    },
    {
      "entry_price": 16647000.0,
      "entry_timestamp": "2020-11-07T09:00:00",
      "exit_price": 17954000.0,
      "exit_timestamp": "2020-11-12T09:00:00",
      "btc_amount": 1.108491863090549,
      "sell_revenue": 19887931.605890766,
      "return_pct": 0.07851264492100679,
      "capital_return": 0.07700325568931332,
      "score": 52.0,
      "timeframe": "unknown",
      "reason": "take_profit",
      "capital_before": 18465990.238034993,
      "capital_after": 19887931.605890766
    },
    {
      "entry_price": 17954000.0,
      "entry_timestamp": "2020-11-12T09:00:00",
      "exit_price": 19332000.0,
      "exit_timestamp": "2020-11-17T09:00:00",
      "btc_amount": 1.106940517643235,
      "sell_revenue": 21384394.525218062,
      "return_pct": 0.0767516987857859,
      "capital_return": 0.07524477401581807,
      "score": 52.0,
      "timeframe": "unknown",
      "reason": "take_profit",
      "capital_before": 19887931.605890766,
      "capital_after": 21384394.525218062
    },
    {
      "entry_price": 19332000.0,
      "entry_timestamp": "2020-11-17T09:00:00",
      "exit_price": 20627000.0,
      "exit_timestamp": "2020-11-20T09:00:00",
      "btc_amount": 1.105391343319388,
      "sell_revenue": 22784946.603581965,
      "return_pct": 0.0669873784398924,
      "capital_return": 0.0654941189338921,
      "score": 52.0,
      "timeframe": "unknown",
      "reason": "take_profit",
      "capital_before": 21384394.525218062,
      "capital_after": 22784946.603581965
    },
    {
      "entry_price": 20627000.0,
      "entry_timestamp": "2020-11-20T09:00:00",
      "exit_price": 20100000.0,
      "exit_timestamp": "2020-11-23T09:00:00",
      "btc_amount": 1.1038443370804991,
      "sell_revenue": 22171740.085495308,
      "return_pct": -0.025549037669074515,
      "capital_return": -0.026912791535366437,
      "score": 52.0,
      "timeframe": "unknown",
      "reason": "stop_loss",
      "capital_before": 22784946.603581965,
      "capital_after": 22171740.085495308
    },
    {
      "entry_price": 20100000.0,
      "entry_timestamp": "2020-11-23T09:00:00",
      "exit_price": 19225000.0,
      "exit_timestamp": "2020-11-26T09:00:00",
      "btc_amount": 1.1022994958923116,
      "sell_revenue": 21176873.61306372,
      "return_pct": -0.043532338308457715,
      "capital_return": -0.04487092436567159,
      "score": 52.0,
      "timeframe": "unknown",
      "reason": "stop_loss",
      "capital_before": 22171740.085495308,
      "capital_after": 21176873.61306372
    },
    {
      "entry_price": 19225000.0,
      "entry_timestamp": "2020-11-26T09:00:00",
      "exit_price": 21315000.0,
      "exit_timestamp": "2020-11-30T09:00:00",
      "btc_amount": 1.1007568167248154,
      "sell_revenue": 23446207.706405498,
      "return_pct": 0.10871261378413524,
      "capital_return": 0.1071609593940183,
      "score": 52.0,
      "timeframe": "unknown",
      "reason": "take_profit",
      "capital_before": 21176873.61306372,
      "capital_after": 23446207.706405498
    },
    {
      "entry_price": 21315000.0,
      "entry_timestamp": "2020-11-30T09:00:00",
      "exit_price": 20867000.0,
      "exit_timestamp": "2020-12-01T09:00:00",
      "btc_amount": 1.0992162965522407,
      "sell_revenue": 22921290.3176335,
      "return_pct": -0.021018062397372743,
      "capital_return": -0.02238815740886712,
      "score": 52.0,
      "timeframe": "unknown",
      "reason": "stop_loss",
      "capital_before": 23446207.706405498,
      "capital_after": 22921290.3176335
    },
    {
      "entry_price": 20867000.0,
      "entry_timestamp": "2020-12-01T09:00:00",
      "exit_price": 20010000.0,
      "exit_timestamp": "2020-12-08T09:00:00",
      "btc_amount": 1.0976779323530528,
      "sell_revenue": 21949160.251586117,
      "return_pct": -0.04106963147553554,
      "capital_return": -0.042411664115589325,
      "score": 52.0,
      "timeframe": "unknown",
      "reason": "stop_loss",
      "capital_before": 22921290.3176335,
      "capital_after": 21949160.251586117
    },
    {
      "entry_price": 20010000.0,
      "entry_timestamp": "2020-12-08T09:00:00",
      "exit_price": 21103000.0,
      "exit_timestamp": "2020-12-15T09:00:00",
      "btc_amount": 1.0961417211099453,
      "sell_revenue": 23115686.425464768,
      "return_pct": 0.054622688655672165,
      "capital_return": 0.053146733656671635,
      "score": 52.0,
      "timeframe": "unknown",
      "reason": "take_profit",
      "capital_before": 21949160.251586117,
      "capital_after": 23115686.425464768
    },
    {
      "entry_price": 21103000.0,
      "entry_timestamp": "2020-12-15T09:00:00",
      "exit_price": 22888000.0,
      "exit_timestamp": "2020-12-16T09:00:00",
      "btc_amount": 1.0946076598098347,
      "sell_revenue": 25035842.75164509,
      "return_pct": 0.08458513007629247,
      "capital_return": 0.08306724234089939,
      "score": 52.0,
      "timeframe": "unknown",
      "reason": "take_profit",
      "capital_before": 23115686.425464768,
      "capital_after": 25035842.75164509
    },
    {
      "entry_price": 22888000.0,
      "entry_timestamp": "2020-12-16T09:00:00",
      "exit_price": 24743000.0,
      "exit_timestamp": "2020-12-17T09:00:00",
      "btc_amount": 1.0930757454438542,
      "sell_revenue": 27027040.988298625,
      "return_pct": 0.08104683677036001,
      "capital_return": 0.07953390091183155,
      "score": 52.0,
      "timeframe": "unknown",
      "reason": "take_profit",
      "capital_before": 25035842.75164509,
      "capital_after": 27027040.988298625
    },
    {
      "entry_price": 24743000.0,
      "entry_timestamp": "2020-12-17T09:00:00",
      "exit_price": 26169000.0,
      "exit_timestamp": "2020-12-19T09:00:00",
      "btc_amount": 1.0915459750073482,
      "sell_revenue": 28544671.353333317,
      "return_pct": 0.05763246170634119,
      "capital_return": 0.056152294499858535,
      "score": 52.0,
      "timeframe": "unknown",
      "reason": "take_profit",
      "capital_before": 27027040.988298625,
      "capital_after": 28544671.353333317
    },
    {
      "entry_price": 26169000.0,
      "entry_timestamp": "2020-12-19T09:00:00",
      "exit_price": 25387000.0,
      "exit_timestamp": "2020-12-21T09:00:00",
      "btc_amount": 1.0900183454998655,
      "sell_revenue": 27652925.130189046,
      "return_pct": -0.02988268562039054,
      "capital_return": -0.0312403745030379,
      "score": 52.0,
      "timeframe": "unknown",
      "reason": "stop_loss",
      "capital_before": 28544671.353333317,
      "capital_after": 27652925.130189046
    },
    {
      "entry_price": 25387000.0,
      "entry_timestamp": "2020-12-21T09:00:00",
      "exit_price": 26776000.0,
      "exit_timestamp": "2020-12-22T09:00:00",
      "btc_amount": 1.0884928539251553,
      "sell_revenue": 29125082.817440268,
      "return_pct": 0.0547130421081656,
      "capital_return": 0.053236960658604913,
      "score": 52.0,
      "timeframe": "unknown",
      "reason": "take_profit",
      "capital_before": 27652925.130189046,
      "capital_after": 29125082.817440268
    },
    {
      "entry_price": 26776000.0,
      "entry_timestamp": "2020-12-22T09:00:00",
      "exit_price": 29378000.0,
      "exit_timestamp": "2020-12-26T09:00:00",
      "btc_amount": 1.0869694972911585,
      "sell_revenue": 31910636.79849566,
      "return_pct": 0.0971765760382432,
      "capital_return": 0.09564106644831197,
      "score": 52.0,
      "timeframe": "unknown",
      "reason": "take_profit",
      "capital_before": 29125082.817440268,
      "capital_after": 31910636.79849566
    },
    {
      "entry_price": 29378000.0,
      "entry_timestamp": "2020-12-26T09:00:00",
      "exit_price": 31891000.0,
      "exit_timestamp": "2020-12-30T09:00:00",
      "btc_amount": 1.0854482726100045,
      "sell_revenue": 34591799.64020239,
      "return_pct": 0.08554020014977194,
      "capital_return": 0.08402097578426021,
      "score": 52.0,
      "timeframe": "unknown",
      "reason": "take_profit",
      "capital_before": 31910636.79849566,
      "capital_after": 34591799.64020239
    },
    {
      "entry_price": 31891000.0,
      "entry_timestamp": "2020-12-30T09:00:00",
      "exit_price": 31891000.0,
      "exit_timestamp": "2020-12-30T09:00:00",
      "btc_amount": 1.0839291768980042,
      "sell_revenue": 34543388.070687935,
      "return_pct": 0.0,
      "capital_return": -0.0013995099999998199,
      "score": 52.0,
      "timeframe": "unknown",
      "reason": "backtest_end",
      "capital_before": 34591799.64020239,
      "capital_after": 34543388.070687935
    }
  ]
}