{
  "total_return_pct": 218.46383831318082,
  "final_capital": 31846383.83131808,
  "total_trades": 76,
  "win_rate": 53.94736842105263,
  "avg_win": 8.001191078091145,
  "avg_loss": -4.83028771765588,
  "sharpe_ratio": 4.384736520377903,
  "max_drawdown": -46.281131279020684,
  "avg_hold_hours": 114.94736842105263,
  "profit_factor": 1.9404276478345968,
  "trades": [
    {
      "entry_price": 8300000.0,
      "entry_timestamp": "2020-01-01T09:00:00",
      "exit_price": 8037000.0,
      "exit_timestamp": "2020-01-02T09:00:00",
      "position": 0.99930048965724,
      "sell_revenue": 8025756.070750476,
      "return_pct": -0.031686746987951805,
      "capital_return": -0.19742439292495242,
      "score": 52.0,
      "timeframe": "unknown",
      "reason": "stop_loss",
      "capital_before": 10000000,
      "capital_after": 8025756.070750476
    },
    {
      "entry_price": 8037000.0,
      "entry_timestamp": "2020-01-02T09:00:00",
      "exit_price": 8474000.0,
      "exit_timestamp": "2020-01-03T09:00:00",
      "position": 0.99930048965724,
      "sell_revenue": 8462144.698710904,
      "return_pct": 0.054373522458628844,
      "capital_return": 0.05437352245862883,
      "score": 52.0,
      "timeframe": "unknown",
      "reason": "take_profit",
      "capital_before": 8025756.070750476,
      "capital_after": 8462144.698710904
    },
    {
      "entry_price": 8474000.0,
      "entry_timestamp": "2020-01-03T09:00:00",
      "exit_price": 9398000.0,
      "exit_timestamp": "2020-01-07T09:00:00",
      "position": 0.99930048965724,
      "sell_revenue": 9384852.003597481,
      "return_pct": 0.10903941468019826,
      "capital_return": 0.10903941468019804,
      "score": 52.0,
      "timeframe": "unknown",
      "reason": "take_profit",
      "capital_before": 8462144.698710904,
      "capital_after": 9384852.003597481
    },
    {
      "entry_price": 9398000.0,
      "entry_timestamp": "2020-01-07T09:00:00",
      "exit_price": 9085000.0,
      "exit_timestamp": "2020-01-08T09:00:00",
      "position": 0.99930048965724,
      "sell_revenue": 9072289.89707205,
      "return_pct": -0.033304958501808896,
      "capital_return": -0.033304958501808715,
      "score": 52.0,
      "timeframe": "unknown",
      "reason": "stop_loss",
      "capital_before": 9384852.003597481,
      "capital_after": 9072289.89707205
    },
    {
      "entry_price": 9085000.0,
      "entry_timestamp": "2020-01-08T09:00:00",
      "exit_price": 9716000.0,
      "exit_timestamp": "2020-01-14T09:00:00",
      "position": 0.99930048965724,
      "sell_revenue": 9702407.115019487,
      "return_pct": 0.06945514584479912,
      "capital_return": 0.06945514584479907,
      "score": 52.0,
      "timeframe": "unknown",
      "reason": "take_profit",
      "capital_before": 9072289.89707205,
      "capital_after": 9702407.115019487
    },
    {
      "entry_price": 9716000.0,
      "entry_timestamp": "2020-01-14T09:00:00",
      "exit_price": 10570000.0,
      "exit_timestamp": "2020-01-28T09:00:00",
      "position": 0.99930048965724,
      "sell_revenue": 10555212.351354053,
      "return_pct": 0.08789625360230548,
      "capital_return": 0.08789625360230549,
      "score": 52.0,
      "timeframe": "unknown",
      "reason": "take_profit",
      "capital_before": 9702407.115019487,
      "capital_after": 10555212.351354053
    },
    {
      "entry_price": 10570000.0,
      "entry_timestamp": "2020-01-28T09:00:00",
      "exit_price": 11264000.0,
      "exit_timestamp": "2020-02-06T09:00:00",
      "position": 0.99930048965724,
      "sell_revenue": 11248241.430998301,
      "return_pct": 0.06565752128666036,
      "capital_return": 0.06565752128666025,
      "score": 52.0,
      "timeframe": "unknown",
      "reason": "take_profit",
      "capital_before": 10555212.351354053,
      "capital_after": 11248241.430998301
    },
    {
      "entry_price": 11264000.0,
      "entry_timestamp": "2020-02-06T09:00:00",
      "exit_price": 11845000.0,
      "exit_timestamp": "2020-02-14T09:00:00",
      "position": 0.99930048965724,
      "sell_revenue": 11828428.599980013,
      "return_pct": 0.051580255681818184,
      "capital_return": 0.051580255681818135,
      "score": 52.0,
      "timeframe": "unknown",
      "reason": "take_profit",
      "capital_before": 11248241.430998301,
      "capital_after": 11828428.599980013
    },
    {
      "entry_price": 11845000.0,
      "entry_timestamp": "2020-02-14T09:00:00",
      "exit_price": 11503000.0,
      "exit_timestamp": "2020-02-15T09:00:00",
      "position": 0.99930048965724,
      "sell_revenue": 11486907.065054463,
      "return_pct": -0.028872942169691853,
      "capital_return": -0.028872942169691693,
      "score": 52.0,
      "timeframe": "unknown",
      "reason": "stop_loss",
      "capital_before": 11828428.599980013,
      "capital_after": 11486907.065054463
    },
    {
      "entry_price": 11503000.0,
      "entry_timestamp": "2020-02-15T09:00:00",
      "exit_price": 10741000.0,
      "exit_timestamp": "2020-02-26T09:00:00",
      "position": 0.99930048965724,
      "sell_revenue": 10725973.118816828,
      "return_pct": -0.06624358862905329,
      "capital_return": -0.06624358862905338,
      "score": 52.0,
      "timeframe": "unknown",
      "reason": "stop_loss",
      "capital_before": 11486907.065054463,
      "capital_after": 10725973.118816828
    },
    {
      "entry_price": 10741000.0,
      "entry_timestamp": "2020-02-26T09:00:00",
      "exit_price": 10374000.0,
      "exit_timestamp": "2020-02-29T09:00:00",
      "position": 0.99930048965724,
      "sell_revenue": 10359486.559408415,
      "return_pct": -0.03416814076901592,
      "capital_return": -0.03416814076901584,
      "score": 52.0,
      "timeframe": "unknown",
      "reason": "stop_loss",
      "capital_before": 10725973.118816828,
      "capital_after": 10359486.559408415
    },
    {
      "entry_price": 10374000.0,
      "entry_timestamp": "2020-02-29T09:00:00",
      "exit_price": 9876000.0,
      "exit_timestamp": "2020-03-08T09:00:00",
      "position": 0.99930048965724,
      "sell_revenue": 9862183.271709805,
      "return_pct": -0.04800462695199537,
      "capital_return": -0.04800462695199525,
      "score": 52.0,
      "timeframe": "unknown",
      "reason": "stop_loss",
      "capital_before": 10359486.559408415,
      "capital_after": 9862183.271709805
    },
    {
      "entry_price": 9876000.0,
      "entry_timestamp": "2020-03-08T09:00:00",
      "exit_price": 9574000.0,
      "exit_timestamp": "2020-03-10T09:00:00",
      "position": 0.99930048965724,
      "sell_revenue": 9560605.77595683,
      "return_pct": -0.030579181855002024,
      "capital_return": -0.030579181855002264,
      "score": 52.0,
      "timeframe": "unknown",
      "reason": "stop_loss",
      "capital_before": 9862183.271709805,
      "capital_after": 9560605.77595683
    },
    {
      "entry_price": 9574000.0,
      "entry_timestamp": "2020-03-10T09:00:00",
      "exit_price": 6363000.0,
      "exit_timestamp": "2020-03-12T09:00:00",
      "position": 0.99930048965724,
      "sell_revenue": 6354098.031378035,
      "return_pct": -0.3353875078337163,
      "capital_return": -0.3353875078337163,
      "score": 52.0,
      "timeframe": "unknown",
      "reason": "stop_loss",
      "capital_before": 9560605.77595683,
      "capital_after": 6354098.031378035
    },
    {
      "entry_price": 6363000.0,
      "entry_timestamp": "2020-03-12T09:00:00",
      "exit_price": 7267000.0,
      "exit_timestamp": "2020-03-13T09:00:00",
      "position": 0.99930048965724,
      "sell_revenue": 7256833.316678326,
      "return_pct": 0.14207134999214208,
      "capital_return": 0.14207134999214213,
      "score": 52.0,
      "timeframe": "unknown",
      "reason": "take_profit",
      "capital_before": 6354098.031378035,
      "capital_after": 7256833.316678326
    },
    {
      "entry_price": 7267000.0,
      "entry_timestamp": "2020-03-13T09:00:00",
      "exit_price": 6823000.0,
      "exit_timestamp": "2020-03-14T09:00:00",
      "position": 0.99930048965724,
      "sell_revenue": 6813454.481862697,
      "return_pct": -0.061098114765377735,
      "capital_return": -0.0610981147653777,
      "score": 52.0,
      "timeframe": "unknown",
      "reason": "stop_loss",
      "capital_before": 7256833.316678326,
      "capital_after": 6813454.481862697
    },
    {
      "entry_price": 6823000.0,
      "entry_timestamp": "2020-03-14T09:00:00",
      "exit_price": 6385000.0,
      "exit_timestamp": "2020-03-16T09:00:00",
      "position": 0.99930048965724,
      "sell_revenue": 6376067.252922955,
      "return_pct": -0.0641946357907079,
      "capital_return": -0.06419463579070785,
      "score": 52.0,
      "timeframe": "unknown",
      "reason": "stop_loss",
      "capital_before": 6813454.481862697,
      "capital_after": 6376067.252922955
    },
    {
      "entry_price": 6385000.0,
      "entry_timestamp": "2020-03-16T09:00:00",
      "exit_price": 6774000.0,
      "exit_timestamp": "2020-03-17T09:00:00",
      "position": 0.99930048965724,
      "sell_revenue": 6764523.033876288,
      "return_pct": 0.06092404072043853,
      "capital_return": 0.060924040720438534,
      "score": 52.0,
      "timeframe": "unknown",
      "reason": "take_profit",
      "capital_before": 6376067.252922955,
      "capital_after": 6764523.033876288
    },
    {
      "entry_price": 6774000.0,
      "entry_timestamp": "2020-03-17T09:00:00",
      "exit_price": 7679000.0,
      "exit_timestamp": "2020-03-19T09:00:00",
      "position": 0.99930048965724,
      "sell_revenue": 7668256.920155891,
      "return_pct": 0.13359905521110127,
      "capital_return": 0.13359905521110113,
      "score": 52.0,
      "timeframe": "unknown",
      "reason": "take_profit",
      "capital_before": 6764523.033876288,
      "capital_after": 7668256.920155891
    },
    {
      "entry_price": 7679000.0,
      "entry_timestamp": "2020-03-19T09:00:00",
      "exit_price": 7366000.0,
      "exit_timestamp": "2020-03-22T09:00:00",
      "position": 0.99930048965724,
      "sell_revenue": 7355694.813630459,
      "return_pct": -0.04076051569214741,
      "capital_return": -0.04076051569214743,
      "score": 52.0,
      "timeframe": "unknown",
      "reason": "stop_loss",
      "capital_before": 7668256.920155891,
      "capital_after": 7355694.813630459
    },
    {
      "entry_price": 7366000.0,
      "entry_timestamp": "2020-03-22T09:00:00",
      "exit_price": 8047000.0,
      "exit_timestamp": "2020-03-23T09:00:00",
      "position": 0.99930048965724,
      "sell_revenue": 8035742.08054362,
      "return_pct": 0.09245180559326636,
      "capital_return": 0.09245180559326634,
      "score": 52.0,
      "timeframe": "unknown",
      "reason": "take_profit",
      "capital_before": 7355694.813630459,
      "capital_after": 8035742.08054362
    },
    {
      "entry_price": 8047000.0,
      "entry_timestamp": "2020-03-23T09:00:00",
      "exit_price": 7880000.0,
      "exit_timestamp": "2020-03-27T09:00:00",
      "position": 0.99930048965724,
      "sell_revenue": 7868975.716998102,
      "return_pct": -0.02075307568037778,
      "capital_return": -0.020753075680377694,
      "score": 52.0,
      "timeframe": "unknown",
      "reason": "stop_loss",
      "capital_before": 8035742.08054362,
      "capital_after": 7868975.716998102
    },
    {
      "entry_price": 7880000.0,
      "entry_timestamp": "2020-03-27T09:00:00",
      "exit_price": 7656000.0,
      "exit_timestamp": "2020-03-28T09:00:00",
      "position": 0.99930048965724,
      "sell_revenue": 7645289.097631658,
      "return_pct": -0.028426395939086295,
      "capital_return": -0.02842639593908632,
      "score": 52.0,
      "timeframe": "unknown",
      "reason": "stop_loss",
      "capital_before": 7868975.716998102,
      "capital_after": 7645289.097631658
    },
    {
      "entry_price": 7656000.0,
      "entry_timestamp": "2020-03-28T09:00:00",
      "exit_price": 7218000.0,
      "exit_timestamp": "2020-03-29T09:00:00",
      "position": 0.99930048965724,
      "sell_revenue": 7207901.868691917,
      "return_pct": -0.05721003134796238,
      "capital_return": -0.057210031347962334,
      "score": 52.0,
      "timeframe": "unknown",
      "reason": "stop_loss",
      "capital_before": 7645289.097631658,
      "capital_after": 7207901.868691917
    },
    {
      "entry_price": 7218000.0,
      "entry_timestamp": "2020-03-29T09:00:00",
      "exit_price": 7798000.0,
      "exit_timestamp": "2020-03-30T09:00:00",
      "position": 0.99930048965724,
      "sell_revenue": 7787090.436694315,
      "return_pct": 0.08035466888334719,
      "capital_return": 0.08035466888334715,
      "score": 52.0,
      "timeframe": "unknown",
      "reason": "take_profit",
      "capital_before": 7207901.868691917,
      "capital_after": 7787090.436694315
    },
    {
      "entry_price": 7798000.0,
      "entry_timestamp": "2020-03-30T09:00:00",
      "exit_price": 8249000.0,
      "exit_timestamp": "2020-04-04T09:00:00",
      "position": 0.99930048965724,
      "sell_revenue": 8237459.478365145,
      "return_pct": 0.057835342395486024,
      "capital_return": 0.05783534239548596,
      "score": 52.0,
      "timeframe": "unknown",
      "reason": "take_profit",
      "capital_before": 7787090.436694315,
      "capital_after": 8237459.478365145
    },
    {
      "entry_price": 8249000.0,
      "entry_timestamp": "2020-04-04T09:00:00",
      "exit_price": 8786000.0,
      "exit_timestamp": "2020-04-06T09:00:00",
      "position": 0.99930048965724,
      "sell_revenue": 8773708.20425702,
      "return_pct": 0.06509879985452782,
      "capital_return": 0.06509879985452786,
      "score": 52.0,
      "timeframe": "unknown",
      "reason": "take_profit",
      "capital_before": 8237459.478365145,
      "capital_after": 8773708.20425702
    },
    {
      "entry_price": 8786000.0,
      "entry_timestamp": "2020-04-06T09:00:00",
      "exit_price": 8414000.0,
      "exit_timestamp": "2020-04-10T09:00:00",
      "position": 0.99930048965724,
      "sell_revenue": 8402228.639952036,
      "return_pct": -0.04234008650125199,
      "capital_return": -0.04234008650125183,
      "score": 52.0,
      "timeframe": "unknown",
      "reason": "stop_loss",
      "capital_before": 8773708.20425702,
      "capital_after": 8402228.639952036
    },
    {
      "entry_price": 8414000.0,
      "entry_timestamp": "2020-04-10T09:00:00",
      "exit_price": 8108000.0,
      "exit_timestamp": "2020-04-15T09:00:00",
      "position": 0.99930048965724,
      "sell_revenue": 8096656.7402818035,
      "return_pct": -0.03636795816496316,
      "capital_return": -0.0363679581649633,
      "score": 52.0,
      "timeframe": "unknown",
      "reason": "stop_loss",
      "capital_before": 8402228.639952036,
      "capital_after": 8096656.7402818035
    },
    {
      "entry_price": 8108000.0,
      "entry_timestamp": "2020-04-15T09:00:00",
      "exit_price": 8562000.0,
      "exit_timestamp": "2020-04-16T09:00:00",
      "position": 0.99930048965724,
      "sell_revenue": 8550021.584890576,
      "return_pct": 0.055994079921065615,
      "capital_return": 0.05599407992106545,
      "score": 52.0,
      "timeframe": "unknown",
      "reason": "take_profit",
      "capital_before": 8096656.7402818035,
      "capital_after": 8550021.584890576
    },
    {
      "entry_price": 8562000.0,
      "entry_timestamp": "2020-04-16T09:00:00",
      "exit_price": 8387000.0,
      "exit_timestamp": "2020-04-20T09:00:00",
      "position": 0.99930048965724,
      "sell_revenue": 8375266.413510543,
      "return_pct": -0.020439149731371176,
      "capital_return": -0.020439149731371037,
      "score": 52.0,
      "timeframe": "unknown",
      "reason": "stop_loss",
      "capital_before": 8550021.584890576,
      "capital_after": 8375266.413510543
    },
    {
      "entry_price": 8387000.0,
      "entry_timestamp": "2020-04-20T09:00:00",
      "exit_price": 9057000.0,
      "exit_timestamp": "2020-04-23T09:00:00",
      "position": 0.99930048965724,
      "sell_revenue": 9044329.069651244,
      "return_pct": 0.07988553714081316,
      "capital_return": 0.07988553714081309,
      "score": 52.0,
      "timeframe": "unknown",
      "reason": "take_profit",
      "capital_before": 8375266.413510543,
      "capital_after": 9044329.069651244
    },
    {
      "entry_price": 9057000.0,
      "entry_timestamp": "2020-04-23T09:00:00",
      "exit_price": 10530000.0,
      "exit_timestamp": "2020-04-29T09:00:00",
      "position": 0.99930048965724,
      "sell_revenue": 10515268.312181475,
      "return_pct": 0.16263663464723419,
      "capital_return": 0.16263663464723435,
      "score": 52.0,
      "timeframe": "unknown",
      "reason": "take_profit",
      "capital_before": 9044329.069651244,
      "capital_after": 10515268.312181475
    },
    {
      "entry_price": 10530000.0,
      "entry_timestamp": "2020-04-29T09:00:00",
      "exit_price": 11269000.0,
      "exit_timestamp": "2020-05-06T09:00:00",
      "position": 0.99930048965724,
      "sell_revenue": 11253234.435894875,
      "return_pct": 0.07018043684710351,
      "capital_return": 0.07018043684710347,
      "score": 52.0,
      "timeframe": "unknown",
      "reason": "take_profit",
      "capital_before": 10515268.312181475,
      "capital_after": 11253234.435894875
    },
    {
      "entry_price": 11269000.0,
      "entry_timestamp": "2020-05-06T09:00:00",
      "exit_price": 11998000.0,
      "exit_timestamp": "2020-05-07T09:00:00",
      "position": 0.99930048965724,
      "sell_revenue": 11981214.549815131,
      "return_pct": 0.0646907445203656,
      "capital_return": 0.06469074452036566,
      "score": 52.0,
      "timeframe": "unknown",
      "reason": "take_profit",
      "capital_before": 11253234.435894875,
      "capital_after": 11981214.549815131
    },
    {
      "entry_price": 11998000.0,
      "entry_timestamp": "2020-05-07T09:00:00",
      "exit_price": 11550000.0,
      "exit_timestamp": "2020-05-09T09:00:00",
      "position": 0.99930048965724,
      "sell_revenue": 11533841.311082242,
      "return_pct": -0.03733955659276546,
      "capital_return": -0.037339556592765645,
      "score": 52.0,
      "timeframe": "unknown",
      "reason": "stop_loss",
      "capital_before": 11981214.549815131,
      "capital_after": 11533841.311082242
    },
    {
      "entry_price": 11550000.0,
      "entry_timestamp": "2020-05-09T09:00:00",
      "exit_price": 10671000.0,
      "exit_timestamp": "2020-05-10T09:00:00",
      "position": 0.99930048965724,
      "sell_revenue": 10656071.050264815,
      "return_pct": -0.0761038961038961,
      "capital_return": -0.07610389610389605,
      "score": 52.0,
      "timeframe": "unknown",
      "reason": "stop_loss",
      "capital_before": 11533841.311082242,
      "capital_after": 10656071.050264815
    },
    {
      "entry_price": 10671000.0,
      "entry_timestamp": "2020-05-10T09:00:00",
      "exit_price": 10448000.0,
      "exit_timestamp": "2020-05-11T09:00:00",
      "position": 0.99930048965724,
      "sell_revenue": 10433383.031877687,
      "return_pct": -0.020897760284884267,
      "capital_return": -0.02089776028488414,
      "score": 52.0,
      "timeframe": "unknown",
      "reason": "stop_loss",
      "capital_before": 10656071.050264815,
      "capital_after": 10433383.031877687
    },
    {
      "entry_price": 10448000.0,
      "entry_timestamp": "2020-05-11T09:00:00",
      "exit_price": 11268000.0,
      "exit_timestamp": "2020-05-13T09:00:00",
      "position": 0.99930048965724,
      "sell_revenue": 11252235.834915562,
      "return_pct": 0.07848392036753446,
      "capital_return": 0.07848392036753453,
      "score": 52.0,
      "timeframe": "unknown",
      "reason": "take_profit",
      "capital_before": 10433383.031877687,
      "capital_after": 11252235.834915562
    },
    {
      "entry_price": 11268000.0,
      "entry_timestamp": "2020-05-13T09:00:00",
      "exit_price": 10664000.0,
      "exit_timestamp": "2020-05-24T09:00:00",
      "position": 0.99930048965724,
      "sell_revenue": 10649080.843409615,
      "return_pct": -0.05360312389066383,
      "capital_return": -0.05360312389066391,
      "score": 52.0,
      "timeframe": "unknown",
      "reason": "stop_loss",
      "capital_before": 11252235.834915562,
      "capital_after": 10649080.843409615
    },
    {
      "entry_price": 10664000.0,
      "entry_timestamp": "2020-05-24T09:00:00",
      "exit_price": 11579000.0,
      "exit_timestamp": "2020-05-28T09:00:00",
      "position": 0.99930048965724,
      "sell_revenue": 11562800.739482364,
      "return_pct": 0.08580270067516879,
      "capital_return": 0.08580270067516878,
      "score": 52.0,
      "timeframe": "unknown",
      "reason": "take_profit",
      "capital_before": 10649080.843409615,
      "capital_after": 11562800.739482364
    },
    {
      "entry_price": 11579000.0,
      "entry_timestamp": "2020-05-28T09:00:00",
      "exit_price": 11090000.0,
      "exit_timestamp": "2020-06-11T09:00:00",
      "position": 0.99930048965724,
      "sell_revenue": 11074484.860597583,
      "return_pct": -0.042231626219880816,
      "capital_return": -0.04223162621988086,
      "score": 52.0,
      "timeframe": "unknown",
      "reason": "stop_loss",
      "capital_before": 11562800.739482364,
      "capital_after": 11074484.860597583
    },
    {
      "entry_price": 11090000.0,
      "entry_timestamp": "2020-06-11T09:00:00",
      "exit_price": 10837000.0,
      "exit_timestamp": "2020-07-03T09:00:00",
      "position": 0.99930048965724,
      "sell_revenue": 10821838.81283102,
      "return_pct": -0.022813345356176736,
      "capital_return": -0.022813345356176656,
      "score": 52.0,
      "timeframe": "unknown",
      "reason": "stop_loss",
      "capital_before": 11074484.860597583,
      "capital_after": 10821838.81283102
    },
    {
      "entry_price": 10837000.0,
      "entry_timestamp": "2020-07-03T09:00:00",
      "exit_price": 11477000.0,
      "exit_timestamp": "2020-07-25T09:00:00",
      "position": 0.99930048965724,
      "sell_revenue": 11460943.439592285,
      "return_pct": 0.059056934575989664,
      "capital_return": 0.05905693457598947,
      "score": 52.0,
      "timeframe": "unknown",
      "reason": "take_profit",
      "capital_before": 10821838.81283102,
      "capital_after": 11460943.439592285
    },
    {
      "entry_price": 11477000.0,
      "entry_timestamp": "2020-07-25T09:00:00",
      "exit_price": 12916000.0,
      "exit_timestamp": "2020-07-27T09:00:00",
      "position": 0.99930048965724,
      "sell_revenue": 12897930.248825824,
      "return_pct": 0.1253811971769626,
      "capital_return": 0.12538119717696283,
      "score": 52.0,
      "timeframe": "unknown",
      "reason": "take_profit",
      "capital_before": 11460943.439592285,
      "capital_after": 12897930.248825824
    },
    {
      "entry_price": 12916000.0,
      "entry_timestamp": "2020-07-27T09:00:00",
      "exit_price": 13922000.0,
      "exit_timestamp": "2020-08-01T09:00:00",
      "position": 0.99930048965724,
      "sell_revenue": 13902522.83401619,
      "return_pct": 0.07788789098792195,
      "capital_return": 0.07788789098792197,
      "score": 52.0,
      "timeframe": "unknown",
      "reason": "take_profit",
      "capital_before": 12897930.248825824,
      "capital_after": 13902522.83401619
    },
    {
      "entry_price": 13922000.0,
      "entry_timestamp": "2020-08-01T09:00:00",
      "exit_price": 13030000.0,
      "exit_timestamp": "2020-08-02T09:00:00",
      "position": 0.99930048965724,
      "sell_revenue": 13011770.760467673,
      "return_pct": -0.06407125413015372,
      "capital_return": -0.06407125413015385,
      "score": 52.0,
      "timeframe": "unknown",
      "reason": "stop_loss",
      "capital_before": 13902522.83401619,
      "capital_after": 13011770.760467673
    },
    {
      "entry_price": 13030000.0,
      "entry_timestamp": "2020-08-02T09:00:00",
      "exit_price": 13843000.0,
      "exit_timestamp": "2020-08-05T09:00:00",
      "position": 0.99930048965724,
      "sell_revenue": 13823633.356650347,
      "return_pct": 0.06239447429009977,
      "capital_return": 0.06239447429009993,
      "score": 52.0,
      "timeframe": "unknown",
      "reason": "take_profit",
      "capital_before": 13011770.760467673,
      "capital_after": 13823633.356650347
    },
    {
      "entry_price": 13843000.0,
      "entry_timestamp": "2020-08-05T09:00:00",
      "exit_price": 13476000.0,
      "exit_timestamp": "2020-08-25T09:00:00",
      "position": 0.99930048965724,
      "sell_revenue": 13457146.797241932,
      "return_pct": -0.026511594307592284,
      "capital_return": -0.026511594307592354,
      "score": 52.0,
      "timeframe": "unknown",
      "reason": "stop_loss",
      "capital_before": 13823633.356650347,
      "capital_after": 13457146.797241932
    },
    {
      "entry_price": 13476000.0,
      "entry_timestamp": "2020-08-25T09:00:00",
      "exit_price": 12303000.0,
      "exit_timestamp": "2020-09-03T09:00:00",
      "position": 0.99930048965724,
      "sell_revenue": 12285787.848506046,
      "return_pct": -0.08704363312555655,
      "capital_return": -0.08704363312555657,
      "score": 52.0,
      "timeframe": "unknown",
      "reason": "stop_loss",
      "capital_before": 13457146.797241932,
      "capital_after": 12285787.848506046
    },
    {
      "entry_price": 12303000.0,
      "entry_timestamp": "2020-09-03T09:00:00",
      "exit_price": 12940000.0,
      "exit_timestamp": "2020-09-19T09:00:00",
      "position": 0.99930048965724,
      "sell_revenue": 12921896.672329372,
      "return_pct": 0.05177598959603349,
      "capital_return": 0.05177598959603362,
      "score": 52.0,
      "timeframe": "unknown",
      "reason": "take_profit",
      "capital_before": 12285787.848506046,
      "capital_after": 12921896.672329372
    },
    {
      "entry_price": 12940000.0,
      "entry_timestamp": "2020-09-19T09:00:00",
      "exit_price": 12290000.0,
      "exit_timestamp": "2020-09-21T09:00:00",
      "position": 0.99930048965724,
      "sell_revenue": 12272806.03577496,
      "return_pct": -0.05023183925811438,
      "capital_return": -0.05023183925811441,
      "score": 52.0,
      "timeframe": "unknown",
      "reason": "stop_loss",
      "capital_before": 12921896.672329372,
      "capital_after": 12272806.03577496
    },
    {
      "entry_price": 12290000.0,
      "entry_timestamp": "2020-09-21T09:00:00",
      "exit_price": 11943000.0,
      "exit_timestamp": "2020-09-23T09:00:00",
      "position": 0.99930048965724,
      "sell_revenue": 11926291.495952835,
      "return_pct": -0.02823433685923515,
      "capital_return": -0.028234336859235102,
      "score": 52.0,
      "timeframe": "unknown",
      "reason": "stop_loss",
      "capital_before": 12272806.03577496,
      "capital_after": 11926291.495952835
    },
    {
      "entry_price": 11943000.0,
      "entry_timestamp": "2020-09-23T09:00:00",
      "exit_price": 12601000.0,
      "exit_timestamp": "2020-09-29T09:00:00",
      "position": 0.99930048965724,
      "sell_revenue": 12583370.940341761,
      "return_pct": 0.05509503474838818,
      "capital_return": 0.05509503474838802,
      "score": 52.0,
      "timeframe": "unknown",
      "reason": "take_profit",
      "capital_before": 11926291.495952835,
      "capital_after": 12583370.940341761
    },
    {
      "entry_price": 12601000.0,
      "entry_timestamp": "2020-09-29T09:00:00",
      "exit_price": 13415000.0,
      "exit_timestamp": "2020-10-19T09:00:00",
      "position": 0.99930048965724,
      "sell_revenue": 13396232.137503749,
      "return_pct": 0.06459804777398619,
      "capital_return": 0.06459804777398626,
      "score": 52.0,
      "timeframe": "unknown",
      "reason": "take_profit",
      "capital_before": 12583370.940341761,
      "capital_after": 13396232.137503749
    },
    {
      "entry_price": 13415000.0,
      "entry_timestamp": "2020-10-19T09:00:00",
      "exit_price": 14423000.0,
      "exit_timestamp": "2020-10-21T09:00:00",
      "position": 0.99930048965724,
      "sell_revenue": 14402821.924652744,
      "return_pct": 0.07513976891539322,
      "capital_return": 0.07513976891539319,
      "score": 52.0,
      "timeframe": "unknown",
      "reason": "take_profit",
      "capital_before": 13396232.137503749,
      "capital_after": 14402821.924652744
    },
    {
      "entry_price": 14423000.0,
      "entry_timestamp": "2020-10-21T09:00:00",
      "exit_price": 15312000.0,
      "exit_timestamp": "2020-10-27T09:00:00",
      "position": 0.99930048965724,
      "sell_revenue": 15290578.195263317,
      "return_pct": 0.061637662067531025,
      "capital_return": 0.06163766206753103,
      "score": 52.0,
      "timeframe": "unknown",
      "reason": "take_profit",
      "capital_before": 14402821.924652744,
      "capital_after": 15290578.195263317
    },
    {
      "entry_price": 15312000.0,
      "entry_timestamp": "2020-10-27T09:00:00",
      "exit_price": 17352000.0,
      "exit_timestamp": "2020-11-05T09:00:00",
      "position": 0.99930048965724,
      "sell_revenue": 17327724.193064857,
      "return_pct": 0.13322884012539185,
      "capital_return": 0.13322884012539193,
      "score": 52.0,
      "timeframe": "unknown",
      "reason": "take_profit",
      "capital_before": 15290578.195263317,
      "capital_after": 17327724.193064857
    },
    {
      "entry_price": 17352000.0,
      "entry_timestamp": "2020-11-05T09:00:00",
      "exit_price": 16647000.0,
      "exit_timestamp": "2020-11-07T09:00:00",
      "position": 0.99930048965724,
      "sell_revenue": 16623710.502648147,
      "return_pct": -0.04062932226832642,
      "capital_return": -0.04062932226832654,
      "score": 52.0,
      "timeframe": "unknown",
      "reason": "stop_loss",
      "capital_before": 17327724.193064857,
      "capital_after": 16623710.502648147
    },
    {
      "entry_price": 16647000.0,
      "entry_timestamp": "2020-11-07T09:00:00",
      "exit_price": 17954000.0,
      "exit_timestamp": "2020-11-12T09:00:00",
      "position": 0.99930048965724,
      "sell_revenue": 17928881.982612174,
      "return_pct": 0.07851264492100679,
      "capital_return": 0.0785126449210069,
      "score": 52.0,
      "timeframe": "unknown",
      "reason": "take_profit",
      "capital_before": 16623710.502648147,
      "capital_after": 17928881.982612174
    },
    {
      "entry_price": 17954000.0,
      "entry_timestamp": "2020-11-12T09:00:00",
      "exit_price": 19332000.0,
      "exit_timestamp": "2020-11-17T09:00:00",
      "position": 0.99930048965724,
      "sell_revenue": 19304954.132107526,
      "return_pct": 0.0767516987857859,
      "capital_return": 0.07675169878578582,
      "score": 52.0,
      "timeframe": "unknown",
      "reason": "take_profit",
      "capital_before": 17928881.982612174,
      "capital_after": 19304954.132107526
    },
    {
      "entry_price": 19332000.0,
      "entry_timestamp": "2020-11-17T09:00:00",
      "exit_price": 20627000.0,
      "exit_timestamp": "2020-11-20T09:00:00",
      "position": 0.99930048965724,
      "sell_revenue": 20598142.40031978,
      "return_pct": 0.0669873784398924,
      "capital_return": 0.0669873784398926,
      "score": 52.0,
      "timeframe": "unknown",
      "reason": "take_profit",
      "capital_before": 19304954.132107526,
      "capital_after": 20598142.40031978
    },
    {
      "entry_price": 20627000.0,
      "entry_timestamp": "2020-11-20T09:00:00",
      "exit_price": 20100000.0,
      "exit_timestamp": "2020-11-23T09:00:00",
      "position": 0.99930048965724,
      "sell_revenue": 20071879.684221048,
      "return_pct": -0.025549037669074515,
      "capital_return": -0.025549037669074622,
      "score": 52.0,
      "timeframe": "unknown",
      "reason": "stop_loss",
      "capital_before": 20598142.40031978,
      "capital_after": 20071879.684221048
    },
    {
      "entry_price": 20100000.0,
      "entry_timestamp": "2020-11-23T09:00:00",
      "exit_price": 19225000.0,
      "exit_timestamp": "2020-11-26T09:00:00",
      "position": 0.99930048965724,
      "sell_revenue": 19198103.827320877,
      "return_pct": -0.043532338308457715,
      "capital_return": -0.043532338308457735,
      "score": 52.0,
      "timeframe": "unknown",
      "reason": "stop_loss",
      "capital_before": 20071879.684221048,
      "capital_after": 19198103.827320877
    },
    {
      "entry_price": 19225000.0,
      "entry_timestamp": "2020-11-26T09:00:00",
      "exit_price": 21315000.0,
      "exit_timestamp": "2020-11-30T09:00:00",
      "position": 0.99930048965724,
      "sell_revenue": 21285179.874088142,
      "return_pct": 0.10871261378413524,
      "capital_return": 0.10871261378413531,
      "score": 52.0,
      "timeframe": "unknown",
      "reason": "take_profit",
      "capital_before": 19198103.827320877,
      "capital_after": 21285179.874088142
    },
    {
      "entry_price": 21315000.0,
      "entry_timestamp": "2020-11-30T09:00:00",
      "exit_price": 20867000.0,
      "exit_timestamp": "2020-12-01T09:00:00",
      "position": 0.99930048965724,
      "sell_revenue": 20837806.635355253,
      "return_pct": -0.021018062397372743,
      "capital_return": -0.021018062397372847,
      "score": 52.0,
      "timeframe": "unknown",
      "reason": "stop_loss",
      "capital_before": 21285179.874088142,
      "capital_after": 20837806.635355253
    },
    {
      "entry_price": 20867000.0,
      "entry_timestamp": "2020-12-01T09:00:00",
      "exit_price": 20010000.0,
      "exit_timestamp": "2020-12-08T09:00:00",
      "position": 0.99930048965724,
      "sell_revenue": 19982005.596082743,
      "return_pct": -0.04106963147553554,
      "capital_return": -0.041069631475535544,
      "score": 52.0,
      "timeframe": "unknown",
      "reason": "stop_loss",
      "capital_before": 20837806.635355253,
      "capital_after": 19982005.596082743
    },
    {
      "entry_price": 20010000.0,
      "entry_timestamp": "2020-12-08T09:00:00",
      "exit_price": 21103000.0,
      "exit_timestamp": "2020-12-15T09:00:00",
      "position": 0.99930048965724,
      "sell_revenue": 21073476.46647347,
      "return_pct": 0.054622688655672165,
      "capital_return": 0.05462268865567224,
      "score": 52.0,
      "timeframe": "unknown",
      "reason": "take_profit",
      "capital_before": 19982005.596082743,
      "capital_after": 21073476.46647347
    },
    {
      "entry_price": 21103000.0,
      "entry_timestamp": "2020-12-15T09:00:00",
      "exit_price": 22888000.0,
      "exit_timestamp": "2020-12-16T09:00:00",
      "position": 0.99930048965724,
      "sell_revenue": 22855979.214549817,
      "return_pct": 0.08458513007629247,
      "capital_return": 0.08458513007629243,
      "score": 52.0,
      "timeframe": "unknown",
      "reason": "take_profit",
      "capital_before": 21073476.46647347,
      "capital_after": 22855979.214549817
    },
    {
      "entry_price": 22888000.0,
      "entry_timestamp": "2020-12-16T09:00:00",
      "exit_price": 24743000.0,
      "exit_timestamp": "2020-12-17T09:00:00",
      "position": 0.99930048965724,
      "sell_revenue": 24708384.03117818,
      "return_pct": 0.08104683677036001,
      "capital_return": 0.08104683677036013,
      "score": 52.0,
      "timeframe": "unknown",
      "reason": "take_profit",
      "capital_before": 22855979.214549817,
      "capital_after": 24708384.03117818
    },
    {
      "entry_price": 24743000.0,
      "entry_timestamp": "2020-12-17T09:00:00",
      "exit_price": 26169000.0,
      "exit_timestamp": "2020-12-19T09:00:00",
      "position": 0.99930048965724,
      "sell_revenue": 26132389.027680624,
      "return_pct": 0.05763246170634119,
      "capital_return": 0.05763246170634101,
      "score": 52.0,
      "timeframe": "unknown",
      "reason": "take_profit",
      "capital_before": 24708384.03117818,
      "capital_after": 26132389.027680624
    },
    {
      "entry_price": 26169000.0,
      "entry_timestamp": "2020-12-19T09:00:00",
      "exit_price": 25387000.0,
      "exit_timestamp": "2020-12-21T09:00:00",
      "position": 0.99930048965724,
      "sell_revenue": 25351483.061856706,
      "return_pct": -0.02988268562039054,
      "capital_return": -0.02988268562039036,
      "score": 52.0,
      "timeframe": "unknown",
      "reason": "stop_loss",
      "capital_before": 26132389.027680624,
      "capital_after": 25351483.061856706
    },
    {
      "entry_price": 25387000.0,
      "entry_timestamp": "2020-12-21T09:00:00",
      "exit_price": 26776000.0,
      "exit_timestamp": "2020-12-22T09:00:00",
      "position": 0.99930048965724,
      "sell_revenue": 26738539.822124515,
      "return_pct": 0.0547130421081656,
      "capital_return": 0.054713042108165445,
      "score": 52.0,
      "timeframe": "unknown",
      "reason": "take_profit",
      "capital_before": 25351483.061856706,
      "capital_after": 26738539.822124515
    },
    {
      "entry_price": 26776000.0,
      "entry_timestamp": "2020-12-22T09:00:00",
      "exit_price": 29378000.0,
      "exit_timestamp": "2020-12-26T09:00:00",
      "position": 0.99930048965724,
      "sell_revenue": 29336899.57030079,
      "return_pct": 0.0971765760382432,
      "capital_return": 0.0971765760382432,
      "score": 52.0,
      "timeframe": "unknown",
      "reason": "take_profit",
      "capital_before": 26738539.822124515,
      "capital_after": 29336899.57030079
    },
    {
      "entry_price": 29378000.0,
      "entry_timestamp": "2020-12-26T09:00:00",
      "exit_price": 31891000.0,
      "exit_timestamp": "2020-12-30T09:00:00",
      "position": 0.99930048965724,
      "sell_revenue": 31846383.83131808,
      "return_pct": 0.08554020014977194,
      "capital_return": 0.08554020014977197,
      "score": 52.0,
      "timeframe": "unknown",
      "reason": "take_profit",
      "capital_before": 29336899.57030079,
      "capital_after": 31846383.83131808
    },
    {
      "entry_price": 31891000.0,
      "entry_timestamp": "2020-12-30T09:00:00",
      "exit_price": 31891000.0,
      "exit_timestamp": "2020-12-30T09:00:00",
      "position": 0.99930048965724,
      "sell_revenue": 31846383.83131808,
      "return_pct": 0.0,
      "capital_return": 0.0,
      "score": 52.0,
      "timeframe": "unknown",
      "reason": "backtest_end",
      "capital_before": 31846383.83131808,
      "capital_after": 31846383.83131808
    }
  ]
}