{
  "total_return_pct": 1269.3116208653942,
  "final_capital": 136931162.08653942,
  "total_trades": 120,
  "win_rate": 42.5,
  "avg_win": 5.729943520249732,
  "avg_loss": -2.7960494198171757,
  "sharpe_ratio": 3.016231898080838,
  "max_drawdown": -28.804590125802015,
  "avg_hold_hours": 72.96666666666667,
  "profit_factor": 1.5146998530801719,
  "trades": [
    {
      "entry_price": 57001000.0,
      "entry_timestamp": "2024-01-01T01:00:00",
      "exit_price": 60299000.0,
      "exit_timestamp": "2024-01-02T09:00:00",
      "position": 0.99930048965724,
      "sell_revenue": 60214640.45168383,
      "return_pct": 0.057858634059051596,
      "capital_return": 5.021464045168383,
      "score": 52.0,
      "timeframe": "unknown",
      "reason": "take_profit",
      "capital_before": 10000000,
      "capital_after": 60214640.45168383
    },
    {
      "entry_price": 60299000.0,
      "entry_timestamp": "2024-01-02T09:00:00",
      "exit_price": 58300000.0,
      "exit_timestamp": "2024-01-03T17:00:00",
      "position": 0.99930048965724,
      "sell_revenue": 58218437.09403418,
      "return_pct": -0.03315146188162325,
      "capital_return": -0.03315146188162327,
      "score": 52.0,
      "timeframe": "unknown",
      "reason": "stop_loss",
      "capital_before": 60214640.45168383,
      "capital_after": 58218437.09403418
    },
    {
      "entry_price": 58300000.0,
      "entry_timestamp": "2024-01-03T17:00:00",
      "exit_price": 62903000.0,
      "exit_timestamp": "2024-01-09T01:00:00",
      "position": 0.99930048965724,
      "sell_revenue": 62814997.40181873,
      "return_pct": 0.07895368782161236,
      "capital_return": 0.07895368782161233,
      "score": 52.0,
      "timeframe": "unknown",
      "reason": "take_profit",
      "capital_before": 58218437.09403418,
      "capital_after": 62814997.40181873
    },
    {
      "entry_price": 62903000.0,
      "entry_timestamp": "2024-01-09T01:00:00",
      "exit_price": 61382000.0,
      "exit_timestamp": "2024-01-10T17:00:00",
      "position": 0.99930048965724,
      "sell_revenue": 61296125.31228141,
      "return_pct": -0.02418008680031159,
      "capital_return": -0.024180086800311567,
      "score": 52.0,
      "timeframe": "unknown",
      "reason": "stop_loss",
      "capital_before": 62814997.40181873,
      "capital_after": 61296125.31228141
    },
    {
      "entry_price": 61382000.0,
      "entry_timestamp": "2024-01-10T17:00:00",
      "exit_price": 59435000.0,
      "exit_timestamp": "2024-01-13T05:00:00",
      "position": 0.99930048965724,
      "sell_revenue": 59351849.20555612,
      "return_pct": -0.031719396565768464,
      "capital_return": -0.031719396565768436,
      "score": 52.0,
      "timeframe": "unknown",
      "reason": "stop_loss",
      "capital_before": 61296125.31228141,
      "capital_after": 59351849.20555612
    },
    {
      "entry_price": 59435000.0,
      "entry_timestamp": "2024-01-13T05:00:00",
      "exit_price": 57391000.0,
      "exit_timestamp": "2024-01-15T05:00:00",
      "position": 0.99930048965724,
      "sell_revenue": 57310708.80383732,
      "return_pct": -0.03439051064187768,
      "capital_return": -0.034390510641877654,
      "score": 52.0,
      "timeframe": "unknown",
      "reason": "stop_loss",
      "capital_before": 59351849.20555612,
      "capital_after": 57310708.80383732
    },
    {
      "entry_price": 57391000.0,
      "entry_timestamp": "2024-01-15T05:00:00",
      "exit_price": 56222000.0,
      "exit_timestamp": "2024-01-22T21:00:00",
      "position": 0.99930048965724,
      "sell_revenue": 56143344.2590187,
      "return_pct": -0.020369047411615063,
      "capital_return": -0.02036904741161502,
      "score": 52.0,
      "timeframe": "unknown",
      "reason": "stop_loss",
      "capital_before": 57310708.80383732,
      "capital_after": 56143344.2590187
    },
    {
      "entry_price": 56222000.0,
      "entry_timestamp": "2024-01-22T21:00:00",
      "exit_price": 54689000.0,
      "exit_timestamp": "2024-01-23T05:00:00",
      "position": 0.99930048965724,
      "sell_revenue": 54612488.9577296,
      "return_pct": -0.027266906193305112,
      "capital_return": -0.027266906193305088,
      "score": 52.0,
      "timeframe": "unknown",
      "reason": "stop_loss",
      "capital_before": 56143344.2590187,
      "capital_after": 54612488.9577296
    },
    {
      "entry_price": 54689000.0,
      "entry_timestamp": "2024-01-23T05:00:00",
      "exit_price": 53458000.0,
      "exit_timestamp": "2024-01-23T17:00:00",
      "position": 0.99930048965724,
      "sell_revenue": 53383211.152193464,
      "return_pct": -0.022509096893342354,
      "capital_return": -0.022509096893342555,
      "score": 52.0,
      "timeframe": "unknown",
      "reason": "stop_loss",
      "capital_before": 54612488.9577296,
      "capital_after": 53383211.152193464
    },
    {
      "entry_price": 53458000.0,
      "entry_timestamp": "2024-01-23T17:00:00",
      "exit_price": 56999000.0,
      "exit_timestamp": "2024-01-26T17:00:00",
      "position": 0.99930048965724,
      "sell_revenue": 56919257.21994604,
      "return_pct": 0.06623891653260504,
      "capital_return": 0.06623891653260511,
      "score": 52.0,
      "timeframe": "unknown",
      "reason": "take_profit",
      "capital_before": 53383211.152193464,
      "capital_after": 56919257.21994604
    },
    {
      "entry_price": 56999000.0,
      "entry_timestamp": "2024-01-26T17:00:00",
      "exit_price": 59000000.0,
      "exit_timestamp": "2024-02-07T17:00:00",
      "position": 0.99930048965724,
      "sell_revenue": 58917457.779554315,
      "return_pct": 0.03510587905050966,
      "capital_return": 0.03510587905050964,
      "score": 52.0,
      "timeframe": "unknown",
      "reason": "timeout",
      "capital_before": 56919257.21994604,
      "capital_after": 58917457.779554315
    },
    {
      "entry_price": 59000000.0,
      "entry_timestamp": "2024-02-07T17:00:00",
      "exit_price": 62011000.0,
      "exit_timestamp": "2024-02-09T05:00:00",
      "position": 0.99930048965724,
      "sell_revenue": 61924245.32827022,
      "return_pct": 0.05103389830508474,
      "capital_return": 0.051033898305084834,
      "score": 52.0,
      "timeframe": "unknown",
      "reason": "take_profit",
      "capital_before": 58917457.779554315,
      "capital_after": 61924245.32827022
    },
    {
      "entry_price": 62011000.0,
      "entry_timestamp": "2024-02-09T05:00:00",
      "exit_price": 65486000.0,
      "exit_timestamp": "2024-02-11T09:00:00",
      "position": 0.99930048965724,
      "sell_revenue": 65394383.73138803,
      "return_pct": 0.05603844479205302,
      "capital_return": 0.056038444792052944,
      "score": 52.0,
      "timeframe": "unknown",
      "reason": "take_profit",
      "capital_before": 61924245.32827022,
      "capital_after": 65394383.73138803
    },
    {
      "entry_price": 65486000.0,
      "entry_timestamp": "2024-02-11T09:00:00",
      "exit_price": 69661000.0,
      "exit_timestamp": "2024-02-14T17:00:00",
      "position": 0.99930048965724,
      "sell_revenue": 69563542.820026,
      "return_pct": 0.06375408484256177,
      "capital_return": 0.06375408484256191,
      "score": 52.0,
      "timeframe": "unknown",
      "reason": "take_profit",
      "capital_before": 65394383.73138803,
      "capital_after": 69563542.820026
    },
    {
      "entry_price": 69661000.0,
      "entry_timestamp": "2024-02-14T17:00:00",
      "exit_price": 70579000.0,
      "exit_timestamp": "2024-02-26T17:00:00",
      "position": 0.99930048965724,
      "sell_revenue": 70480258.51903668,
      "return_pct": 0.0131781053961327,
      "capital_return": 0.013178105396132591,
      "score": 52.0,
      "timeframe": "unknown",
      "reason": "timeout",
      "capital_before": 69563542.820026,
      "capital_after": 70480258.51903668
    },
    {
      "entry_price": 70579000.0,
      "entry_timestamp": "2024-02-26T17:00:00",
      "exit_price": 74473000.0,
      "exit_timestamp": "2024-02-27T01:00:00",
      "position": 0.99930048965724,
      "sell_revenue": 74368810.73248728,
      "return_pct": 0.05517221836523612,
      "capital_return": 0.055172218365236274,
      "score": 52.0,
      "timeframe": "unknown",
      "reason": "take_profit",
      "capital_before": 70480258.51903668,
      "capital_after": 74368810.73248728
    },
    {
      "entry_price": 74473000.0,
      "entry_timestamp": "2024-02-27T01:00:00",
      "exit_price": 78581000.0,
      "exit_timestamp": "2024-02-27T21:00:00",
      "position": 0.99930048965724,
      "sell_revenue": 78471063.55551115,
      "return_pct": 0.05516093080713816,
      "capital_return": 0.05516093080713797,
      "score": 52.0,
      "timeframe": "unknown",
      "reason": "take_profit",
      "capital_before": 74368810.73248728,
      "capital_after": 78471063.55551115
    },
    {
      "entry_price": 78581000.0,
      "entry_timestamp": "2024-02-27T21:00:00",
      "exit_price": 84723000.0,
      "exit_timestamp": "2024-02-28T21:00:00",
      "position": 0.99930048965724,
      "sell_revenue": 84604470.77046068,
      "return_pct": 0.07816138761278171,
      "capital_return": 0.07816138761278169,
      "score": 52.0,
      "timeframe": "unknown",
      "reason": "take_profit",
      "capital_before": 78471063.55551115,
      "capital_after": 84604470.77046068
    },
    {
      "entry_price": 84723000.0,
      "entry_timestamp": "2024-02-28T21:00:00",
      "exit_price": 89187000.0,
      "exit_timestamp": "2024-03-04T13:00:00",
      "position": 0.99930048965724,
      "sell_revenue": 89062225.54212053,
      "return_pct": 0.052689352360043906,
      "capital_return": 0.05268935236004406,
      "score": 52.0,
      "timeframe": "unknown",
      "reason": "take_profit",
      "capital_before": 84604470.77046068,
      "capital_after": 89062225.54212053
    },
    {
      "entry_price": 89187000.0,
      "entry_timestamp": "2024-03-04T13:00:00",
      "exit_price": 93993000.0,
      "exit_timestamp": "2024-03-05T01:00:00",
      "position": 0.99930048965724,
      "sell_revenue": 93861501.8487059,
      "return_pct": 0.053886777220895424,
      "capital_return": 0.0538867772208952,
      "score": 52.0,
      "timeframe": "unknown",
      "reason": "take_profit",
      "capital_before": 89062225.54212053,
      "capital_after": 93861501.8487059
    },
    {
      "entry_price": 93993000.0,
      "entry_timestamp": "2024-03-05T01:00:00",
      "exit_price": 91036000.0,
      "exit_timestamp": "2024-03-06T01:00:00",
      "position": 0.99930048965724,
      "sell_revenue": 90908638.75287299,
      "return_pct": -0.031459789558796934,
      "capital_return": -0.0314597895587969,
      "score": 52.0,
      "timeframe": "unknown",
      "reason": "stop_loss",
      "capital_before": 93861501.8487059,
      "capital_after": 90908638.75287299
    },
    {
      "entry_price": 91036000.0,
      "entry_timestamp": "2024-03-06T01:00:00",
      "exit_price": 96912000.0,
      "exit_timestamp": "2024-03-09T01:00:00",
      "position": 0.99930048965724,
      "sell_revenue": 96776418.10732488,
      "return_pct": 0.06454589393207083,
      "capital_return": 0.06454589393207096,
      "score": 52.0,
      "timeframe": "unknown",
      "reason": "take_profit",
      "capital_before": 90908638.75287299,
      "capital_after": 96776418.10732488
    },
    {
      "entry_price": 96912000.0,
      "entry_timestamp": "2024-03-09T01:00:00",
      "exit_price": 103178000.0,
      "exit_timestamp": "2024-03-13T13:00:00",
      "position": 0.99930048965724,
      "sell_revenue": 103033651.84370942,
      "return_pct": 0.06465659567442629,
      "capital_return": 0.06465659567442637,
      "score": 52.0,
      "timeframe": "unknown",
      "reason": "take_profit",
      "capital_before": 96776418.10732488,
      "capital_after": 103033651.84370942
    },
    {
      "entry_price": 103178000.0,
      "entry_timestamp": "2024-03-13T13:00:00",
      "exit_price": 100206000.0,
      "exit_timestamp": "2024-03-15T01:00:00",
      "position": 0.99930048965724,
      "sell_revenue": 100065809.73318677,
      "return_pct": -0.028804590125802013,
      "capital_return": -0.028804590125802235,
      "score": 52.0,
      "timeframe": "unknown",
      "reason": "stop_loss",
      "capital_before": 103033651.84370942,
      "capital_after": 100065809.73318677
    },
    {
      "entry_price": 100206000.0,
      "entry_timestamp": "2024-03-15T01:00:00",
      "exit_price": 97345000.0,
      "exit_timestamp": "2024-03-15T17:00:00",
      "position": 0.99930048965724,
      "sell_revenue": 97208812.33136804,
      "return_pct": -0.0285511845598068,
      "capital_return": -0.028551184559806753,
      "score": 52.0,
      "timeframe": "unknown",
      "reason": "stop_loss",
      "capital_before": 100065809.73318677,
      "capital_after": 97208812.33136804
    },
    {
      "entry_price": 97345000.0,
      "entry_timestamp": "2024-03-15T17:00:00",
      "exit_price": 93451000.0,
      "exit_timestamp": "2024-03-19T17:00:00",
      "position": 0.99930048965724,
      "sell_revenue": 93320260.11791746,
      "return_pct": -0.0400020545482562,
      "capital_return": -0.040002054548256165,
      "score": 52.0,
      "timeframe": "unknown",
      "reason": "stop_loss",
      "capital_before": 97208812.33136804,
      "capital_after": 93320260.11791746
    },
    {
      "entry_price": 93451000.0,
      "entry_timestamp": "2024-03-19T17:00:00",
      "exit_price": 99726000.0,
      "exit_timestamp": "2024-03-21T05:00:00",
      "position": 0.99930048965724,
      "sell_revenue": 99586481.26311584,
      "return_pct": 0.06714748905843704,
      "capital_return": 0.06714748905843719,
      "score": 52.0,
      "timeframe": "unknown",
      "reason": "take_profit",
      "capital_before": 93320260.11791746,
      "capital_after": 99586481.26311584
    },
    {
      "entry_price": 99726000.0,
      "entry_timestamp": "2024-03-21T05:00:00",
      "exit_price": 97042000.0,
      "exit_timestamp": "2024-03-21T09:00:00",
      "position": 0.99930048965724,
      "sell_revenue": 96906236.23463576,
      "return_pct": -0.026913743657621884,
      "capital_return": -0.02691374365762207,
      "score": 52.0,
      "timeframe": "unknown",
      "reason": "stop_loss",
      "capital_before": 99586481.26311584,
      "capital_after": 96906236.23463576
    },
    {
      "entry_price": 97042000.0,
      "entry_timestamp": "2024-03-21T09:00:00",
      "exit_price": 93368000.0,
      "exit_timestamp": "2024-03-22T17:00:00",
      "position": 0.99930048965724,
      "sell_revenue": 93237376.23663436,
      "return_pct": -0.03785989571525731,
      "capital_return": -0.03785989571525729,
      "score": 52.0,
      "timeframe": "unknown",
      "reason": "stop_loss",
      "capital_before": 96906236.23463576,
      "capital_after": 93237376.23663436
    },
    {
      "entry_price": 93368000.0,
      "entry_timestamp": "2024-03-22T17:00:00",
      "exit_price": 99400000.0,
      "exit_timestamp": "2024-03-25T21:00:00",
      "position": 0.99930048965724,
      "sell_revenue": 99260937.3438593,
      "return_pct": 0.06460457544340674,
      "capital_return": 0.06460457544340673,
      "score": 52.0,
      "timeframe": "unknown",
      "reason": "take_profit",
      "capital_before": 93237376.23663436,
      "capital_after": 99260937.3438593
    },
    {
      "entry_price": 99400000.0,
      "entry_timestamp": "2024-03-25T21:00:00",
      "exit_price": 96999000.0,
      "exit_timestamp": "2024-04-02T09:00:00",
      "position": 0.99930048965724,
      "sell_revenue": 96863296.39252524,
      "return_pct": -0.02415492957746479,
      "capital_return": -0.024154929577464717,
      "score": 52.0,
      "timeframe": "unknown",
      "reason": "stop_loss",
      "capital_before": 99260937.3438593,
      "capital_after": 96863296.39252524
    },
    {
      "entry_price": 96999000.0,
      "entry_timestamp": "2024-04-02T09:00:00",
      "exit_price": 102550000.0,
      "exit_timestamp": "2024-04-08T17:00:00",
      "position": 0.99930048965724,
      "sell_revenue": 102406530.42869993,
      "return_pct": 0.05722739409684636,
      "capital_return": 0.05722739409684643,
      "score": 52.0,
      "timeframe": "unknown",
      "reason": "take_profit",
      "capital_before": 96863296.39252524,
      "capital_after": 102406530.42869993
    },
    {
      "entry_price": 102550000.0,
      "entry_timestamp": "2024-04-08T17:00:00",
      "exit_price": 100364000.0,
      "exit_timestamp": "2024-04-09T13:00:00",
      "position": 0.99930048965724,
      "sell_revenue": 100223588.68791847,
      "return_pct": -0.021316431009263774,
      "capital_return": -0.021316431009263802,
      "score": 52.0,
      "timeframe": "unknown",
      "reason": "stop_loss",
      "capital_before": 102406530.42869993,
      "capital_after": 100223588.68791847
    },
    {
      "entry_price": 100364000.0,
      "entry_timestamp": "2024-04-09T13:00:00",
      "exit_price": 97149000.0,
      "exit_timestamp": "2024-04-14T05:00:00",
      "position": 0.99930048965724,
      "sell_revenue": 97013086.53942241,
      "return_pct": -0.03203339842971584,
      "capital_return": -0.03203339842971592,
      "score": 52.0,
      "timeframe": "unknown",
      "reason": "stop_loss",
      "capital_before": 100223588.68791847,
      "capital_after": 97013086.53942241
    },
    {
      "entry_price": 97149000.0,
      "entry_timestamp": "2024-04-14T05:00:00",
      "exit_price": 94685000.0,
      "exit_timestamp": "2024-04-16T17:00:00",
      "position": 0.99930048965724,
      "sell_revenue": 94552533.72639154,
      "return_pct": -0.02536310203913576,
      "capital_return": -0.025363102039135662,
      "score": 52.0,
      "timeframe": "unknown",
      "reason": "stop_loss",
      "capital_before": 97013086.53942241,
      "capital_after": 94552533.72639154
    },
    {
      "entry_price": 94685000.0,
      "entry_timestamp": "2024-04-16T17:00:00",
      "exit_price": 90942000.0,
      "exit_timestamp": "2024-04-17T21:00:00",
      "position": 0.99930048965724,
      "sell_revenue": 90814770.26081742,
      "return_pct": -0.039531076728098434,
      "capital_return": -0.03953107672809861,
      "score": 52.0,
      "timeframe": "unknown",
      "reason": "stop_loss",
      "capital_before": 94552533.72639154,
      "capital_after": 90814770.26081742
    },
    {
      "entry_price": 90942000.0,
      "entry_timestamp": "2024-04-17T21:00:00",
      "exit_price": 95625000.0,
      "exit_timestamp": "2024-04-21T09:00:00",
      "position": 0.99930048965724,
      "sell_revenue": 95491218.64694713,
      "return_pct": 0.05149435904202679,
      "capital_return": 0.05149435904202677,
      "score": 52.0,
      "timeframe": "unknown",
      "reason": "take_profit",
      "capital_before": 90814770.26081742,
      "capital_after": 95491218.64694713
    },
    {
      "entry_price": 95625000.0,
      "entry_timestamp": "2024-04-21T09:00:00",
      "exit_price": 93012000.0,
      "exit_timestamp": "2024-04-25T01:00:00",
      "position": 0.99930048965724,
      "sell_revenue": 92881874.28799842,
      "return_pct": -0.027325490196078432,
      "capital_return": -0.027325490196078137,
      "score": 52.0,
      "timeframe": "unknown",
      "reason": "stop_loss",
      "capital_before": 95491218.64694713,
      "capital_after": 92881874.28799842
    },
    {
      "entry_price": 93012000.0,
      "entry_timestamp": "2024-04-25T01:00:00",
      "exit_price": 90903000.0,
      "exit_timestamp": "2024-04-27T09:00:00",
      "position": 0.99930048965724,
      "sell_revenue": 90775824.82262416,
      "return_pct": -0.02267449361372726,
      "capital_return": -0.022674493613727503,
      "score": 52.0,
      "timeframe": "unknown",
      "reason": "stop_loss",
      "capital_before": 92881874.28799842,
      "capital_after": 90775824.82262416
    },
    {
      "entry_price": 90903000.0,
      "entry_timestamp": "2024-04-27T09:00:00",
      "exit_price": 88857000.0,
      "exit_timestamp": "2024-04-29T17:00:00",
      "position": 0.99930048965724,
      "sell_revenue": 88732687.21894674,
      "return_pct": -0.022507508003036202,
      "capital_return": -0.02250750800303616,
      "score": 52.0,
      "timeframe": "unknown",
      "reason": "stop_loss",
      "capital_before": 90775824.82262416,
      "capital_after": 88732687.21894674
    },
    {
      "entry_price": 88857000.0,
      "entry_timestamp": "2024-04-29T17:00:00",
      "exit_price": 85684000.0,
      "exit_timestamp": "2024-05-01T01:00:00",
      "position": 0.99930048965724,
      "sell_revenue": 85564126.3115819,
      "return_pct": -0.035709060625499396,
      "capital_return": -0.0357090606254994,
      "score": 52.0,
      "timeframe": "unknown",
      "reason": "stop_loss",
      "capital_before": 88732687.21894674,
      "capital_after": 85564126.3115819
    },
    {
      "entry_price": 85684000.0,
      "entry_timestamp": "2024-05-01T01:00:00",
      "exit_price": 81223000.0,
      "exit_timestamp": "2024-05-01T13:00:00",
      "position": 0.99930048965724,
      "sell_revenue": 81109367.34286,
      "return_pct": -0.05206339573315905,
      "capital_return": -0.05206339573315907,
      "score": 52.0,
      "timeframe": "unknown",
      "reason": "stop_loss",
      "capital_before": 85564126.3115819,
      "capital_after": 81109367.34286
    },
    {
      "entry_price": 81223000.0,
      "entry_timestamp": "2024-05-01T13:00:00",
      "exit_price": 87098000.0,
      "exit_timestamp": "2024-05-03T21:00:00",
      "position": 0.99930048965724,
      "sell_revenue": 86976148.09633256,
      "return_pct": 0.07233172869753642,
      "capital_return": 0.07233172869753637,
      "score": 52.0,
      "timeframe": "unknown",
      "reason": "take_profit",
      "capital_before": 81109367.34286,
      "capital_after": 86976148.09633256
    },
    {
      "entry_price": 87098000.0,
      "entry_timestamp": "2024-05-03T21:00:00",
      "exit_price": 90738000.0,
      "exit_timestamp": "2024-05-15T21:00:00",
      "position": 0.99930048965724,
      "sell_revenue": 90611055.66103728,
      "return_pct": 0.04179200440882684,
      "capital_return": 0.04179200440882695,
      "score": 52.0,
      "timeframe": "unknown",
      "reason": "timeout",
      "capital_before": 86976148.09633256,
      "capital_after": 90611055.66103728
    },
    {
      "entry_price": 90738000.0,
      "entry_timestamp": "2024-05-15T21:00:00",
      "exit_price": 96000000.0,
      "exit_timestamp": "2024-05-21T01:00:00",
      "position": 0.99930048965724,
      "sell_revenue": 95865694.01419006,
      "return_pct": 0.05799113932420816,
      "capital_return": 0.05799113932420803,
      "score": 52.0,
      "timeframe": "unknown",
      "reason": "take_profit",
      "capital_before": 90611055.66103728,
      "capital_after": 95865694.01419006
    },
    {
      "entry_price": 96000000.0,
      "entry_timestamp": "2024-05-21T01:00:00",
      "exit_price": 93431000.0,
      "exit_timestamp": "2024-05-24T01:00:00",
      "position": 0.99930048965724,
      "sell_revenue": 93300288.09833117,
      "return_pct": -0.026760416666666665,
      "capital_return": -0.026760416666666623,
      "score": 52.0,
      "timeframe": "unknown",
      "reason": "stop_loss",
      "capital_before": 95865694.01419006,
      "capital_after": 93300288.09833117
    },
    {
      "entry_price": 93431000.0,
      "entry_timestamp": "2024-05-24T01:00:00",
      "exit_price": 97378000.0,
      "exit_timestamp": "2024-06-05T01:00:00",
      "position": 0.99930048965724,
      "sell_revenue": 97241766.16368543,
      "return_pct": 0.042245079256349606,
      "capital_return": 0.04224507925634967,
      "score": 52.0,
      "timeframe": "unknown",
      "reason": "timeout",
      "capital_before": 93300288.09833117,
      "capital_after": 97241766.16368543
    },
    {
      "entry_price": 97378000.0,
      "entry_timestamp": "2024-06-05T01:00:00",
      "exit_price": 94988000.0,
      "exit_timestamp": "2024-06-11T13:00:00",
      "position": 0.99930048965724,
      "sell_revenue": 94855109.82312383,
      "return_pct": -0.024543531393127812,
      "capital_return": -0.024543531393127725,
      "score": 52.0,
      "timeframe": "unknown",
      "reason": "stop_loss",
      "capital_before": 97241766.16368543,
      "capital_after": 94855109.82312383
    },
    {
      "entry_price": 94988000.0,
      "entry_timestamp": "2024-06-11T13:00:00",
      "exit_price": 92585000.0,
      "exit_timestamp": "2024-06-17T17:00:00",
      "position": 0.99930048965724,
      "sell_revenue": 92455471.66983111,
      "return_pct": -0.02529793237040468,
      "capital_return": -0.025297932370404893,
      "score": 52.0,
      "timeframe": "unknown",
      "reason": "stop_loss",
      "capital_before": 94855109.82312383,
      "capital_after": 92455471.66983111
    },
    {
      "entry_price": 92585000.0,
      "entry_timestamp": "2024-06-17T17:00:00",
      "exit_price": 90700000.0,
      "exit_timestamp": "2024-06-21T13:00:00",
      "position": 0.99930048965724,
      "sell_revenue": 90573108.82382332,
      "return_pct": -0.020359669492898417,
      "capital_return": -0.020359669492898413,
      "score": 52.0,
      "timeframe": "unknown",
      "reason": "stop_loss",
      "capital_before": 92455471.66983111,
      "capital_after": 90573108.82382332
    },
    {
      "entry_price": 90700000.0,
      "entry_timestamp": "2024-06-21T13:00:00",
      "exit_price": 88543000.0,
      "exit_timestamp": "2024-06-24T09:00:00",
      "position": 0.99930048965724,
      "sell_revenue": 88419126.51144199,
      "return_pct": -0.02378169790518192,
      "capital_return": -0.023781697905181854,
      "score": 52.0,
      "timeframe": "unknown",
      "reason": "stop_loss",
      "capital_before": 90573108.82382332,
      "capital_after": 88419126.51144199
    },
    {
      "entry_price": 88543000.0,
      "entry_timestamp": "2024-06-24T09:00:00",
      "exit_price": 86600000.0,
      "exit_timestamp": "2024-06-24T17:00:00",
      "position": 0.99930048965724,
      "sell_revenue": 86478844.80863397,
      "return_pct": -0.021944140135301493,
      "capital_return": -0.021944140135301358,
      "score": 52.0,
      "timeframe": "unknown",
      "reason": "stop_loss",
      "capital_before": 88419126.51144199,
      "capital_after": 86478844.80863397
    },
    {
      "entry_price": 86600000.0,
      "entry_timestamp": "2024-06-24T17:00:00",
      "exit_price": 84000000.0,
      "exit_timestamp": "2024-06-25T01:00:00",
      "position": 0.99930048965724,
      "sell_revenue": 83882482.26241632,
      "return_pct": -0.03002309468822171,
      "capital_return": -0.030023094688221733,
      "score": 52.0,
      "timeframe": "unknown",
      "reason": "stop_loss",
      "capital_before": 86478844.80863397,
      "capital_after": 83882482.26241632
    },
    {
      "entry_price": 84000000.0,
      "entry_timestamp": "2024-06-25T01:00:00",
      "exit_price": 88903000.0,
      "exit_timestamp": "2024-07-01T09:00:00",
      "position": 0.99930048965724,
      "sell_revenue": 88778622.86399521,
      "return_pct": 0.05836904761904762,
      "capital_return": 0.05836904761904757,
      "score": 52.0,
      "timeframe": "unknown",
      "reason": "take_profit",
      "capital_before": 83882482.26241632,
      "capital_after": 88778622.86399521
    },
    {
      "entry_price": 88903000.0,
      "entry_timestamp": "2024-07-01T09:00:00",
      "exit_price": 87058000.0,
      "exit_timestamp": "2024-07-03T01:00:00",
      "position": 0.99930048965724,
      "sell_revenue": 86936204.05716,
      "return_pct": -0.020752955468319404,
      "capital_return": -0.02075295546831928,
      "score": 52.0,
      "timeframe": "unknown",
      "reason": "stop_loss",
      "capital_before": 88778622.86399521,
      "capital_after": 86936204.05716
    },
    {
      "entry_price": 87058000.0,
      "entry_timestamp": "2024-07-03T01:00:00",
      "exit_price": 85181000.0,
      "exit_timestamp": "2024-07-03T21:00:00",
      "position": 0.99930048965724,
      "sell_revenue": 85061830.01898672,
      "return_pct": -0.021560339084288636,
      "capital_return": -0.02156033908428874,
      "score": 52.0,
      "timeframe": "unknown",
      "reason": "stop_loss",
      "capital_before": 86936204.05716,
      "capital_after": 85061830.01898672
    },
    {
      "entry_price": 85181000.0,
      "entry_timestamp": "2024-07-03T21:00:00",
      "exit_price": 82588000.0,
      "exit_timestamp": "2024-07-04T13:00:00",
      "position": 0.99930048965724,
      "sell_revenue": 82472457.67962427,
      "return_pct": -0.03044106079994365,
      "capital_return": -0.030441060799943603,
      "score": 52.0,
      "timeframe": "unknown",
      "reason": "stop_loss",
      "capital_before": 85061830.01898672,
      "capital_after": 82472457.67962427
    },
    {
      "entry_price": 82588000.0,
      "entry_timestamp": "2024-07-04T13:00:00",
      "exit_price": 78801000.0,
      "exit_timestamp": "2024-07-05T09:00:00",
      "position": 0.99930048965724,
      "sell_revenue": 78690755.77096035,
      "return_pct": -0.045854119242504966,
      "capital_return": -0.045854119242504876,
      "score": 52.0,
      "timeframe": "unknown",
      "reason": "stop_loss",
      "capital_before": 82472457.67962427,
      "capital_after": 78690755.77096035
    },
    {
      "entry_price": 78801000.0,
      "entry_timestamp": "2024-07-05T09:00:00",
      "exit_price": 82826000.0,
      "exit_timestamp": "2024-07-07T05:00:00",
      "position": 0.99930048965724,
      "sell_revenue": 82710124.71270113,
      "return_pct": 0.05107803200466999,
      "capital_return": 0.051078032004669975,
      "score": 52.0,
      "timeframe": "unknown",
      "reason": "take_profit",
      "capital_before": 78690755.77096035,
      "capital_after": 82710124.71270113
    },
    {
      "entry_price": 82826000.0,
      "entry_timestamp": "2024-07-07T05:00:00",
      "exit_price": 81010000.0,
      "exit_timestamp": "2024-07-07T21:00:00",
      "position": 0.99930048965724,
      "sell_revenue": 80896665.33426602,
      "return_pct": -0.021925482336464394,
      "capital_return": -0.02192548233646451,
      "score": 52.0,
      "timeframe": "unknown",
      "reason": "stop_loss",
      "capital_before": 82710124.71270113,
      "capital_after": 80896665.33426602
    },
    {
      "entry_price": 81010000.0,
      "entry_timestamp": "2024-07-07T21:00:00",
      "exit_price": 78864000.0,
      "exit_timestamp": "2024-07-08T09:00:00",
      "position": 0.99930048965724,
      "sell_revenue": 78753667.63265716,
      "return_pct": -0.02649055672139242,
      "capital_return": -0.026490556721392326,
      "score": 52.0,
      "timeframe": "unknown",
      "reason": "stop_loss",
      "capital_before": 80896665.33426602,
      "capital_after": 78753667.63265716
    },
    {
      "entry_price": 78864000.0,
      "entry_timestamp": "2024-07-08T09:00:00",
      "exit_price": 83273000.0,
      "exit_timestamp": "2024-07-10T13:00:00",
      "position": 0.99930048965724,
      "sell_revenue": 83156499.35045469,
      "return_pct": 0.055906370460539666,
      "capital_return": 0.05590637046053954,
      "score": 52.0,
      "timeframe": "unknown",
      "reason": "take_profit",
      "capital_before": 78753667.63265716,
      "capital_after": 83156499.35045469
    },
    {
      "entry_price": 83273000.0,
      "entry_timestamp": "2024-07-10T13:00:00",
      "exit_price": 81400000.0,
      "exit_timestamp": "2024-07-11T01:00:00",
      "position": 0.99930048965724,
      "sell_revenue": 81286119.71619867,
      "return_pct": -0.022492284413915674,
      "capital_return": -0.022492284413915667,
      "score": 52.0,
      "timeframe": "unknown",
      "reason": "stop_loss",
      "capital_before": 83156499.35045469,
      "capital_after": 81286119.71619867
    },
    {
      "entry_price": 81400000.0,
      "entry_timestamp": "2024-07-11T01:00:00",
      "exit_price": 88299000.0,
      "exit_timestamp": "2024-07-15T09:00:00",
      "position": 0.99930048965724,
      "sell_revenue": 88175467.87248926,
      "return_pct": 0.08475429975429975,
      "capital_return": 0.08475429975429967,
      "score": 52.0,
      "timeframe": "unknown",
      "reason": "take_profit",
      "capital_before": 81286119.71619867,
      "capital_after": 88175467.87248926
    },
    {
      "entry_price": 88299000.0,
      "entry_timestamp": "2024-07-15T09:00:00",
      "exit_price": 93830000.0,
      "exit_timestamp": "2024-07-20T01:00:00",
      "position": 0.99930048965724,
      "sell_revenue": 93698729.88907765,
      "return_pct": 0.06263944099027169,
      "capital_return": 0.06263944099027172,
      "score": 52.0,
      "timeframe": "unknown",
      "reason": "take_profit",
      "capital_before": 88175467.87248926,
      "capital_after": 93698729.88907765
    },
    {
      "entry_price": 93830000.0,
      "entry_timestamp": "2024-07-20T01:00:00",
      "exit_price": 91770000.0,
      "exit_timestamp": "2024-07-25T01:00:00",
      "position": 0.99930048965724,
      "sell_revenue": 91641611.87168981,
      "return_pct": -0.02195459874240648,
      "capital_return": -0.021954598742406572,
      "score": 52.0,
      "timeframe": "unknown",
      "reason": "stop_loss",
      "capital_before": 93698729.88907765,
      "capital_after": 91641611.87168981
    },
    {
      "entry_price": 91770000.0,
      "entry_timestamp": "2024-07-25T01:00:00",
      "exit_price": 89870000.0,
      "exit_timestamp": "2024-07-25T09:00:00",
      "position": 0.99930048965724,
      "sell_revenue": 89744270.0109923,
      "return_pct": -0.020703933747412008,
      "capital_return": -0.020703933747411966,
      "score": 52.0,
      "timeframe": "unknown",
      "reason": "stop_loss",
      "capital_before": 91641611.87168981,
      "capital_after": 89744270.0109923
    },
    {
      "entry_price": 89870000.0,
      "entry_timestamp": "2024-07-25T09:00:00",
      "exit_price": 94460000.0,
      "exit_timestamp": "2024-07-26T21:00:00",
      "position": 0.99930048965724,
      "sell_revenue": 94327848.50604577,
      "return_pct": 0.05107377322799599,
      "capital_return": 0.051073773227996076,
      "score": 52.0,
      "timeframe": "unknown",
      "reason": "take_profit",
      "capital_before": 89744270.0109923,
      "capital_after": 94327848.50604577
    },
    {
      "entry_price": 94460000.0,
      "entry_timestamp": "2024-07-26T21:00:00",
      "exit_price": 92347000.0,
      "exit_timestamp": "2024-07-31T01:00:00",
      "position": 0.99930048965724,
      "sell_revenue": 92217804.63675429,
      "return_pct": -0.022369256828287106,
      "capital_return": -0.02236925682828698,
      "score": 52.0,
      "timeframe": "unknown",
      "reason": "stop_loss",
      "capital_before": 94327848.50604577,
      "capital_after": 92217804.63675429
    },
    {
      "entry_price": 92347000.0,
      "entry_timestamp": "2024-07-31T01:00:00",
      "exit_price": 90345000.0,
      "exit_timestamp": "2024-08-01T05:00:00",
      "position": 0.99930048965724,
      "sell_revenue": 90218605.47616668,
      "return_pct": -0.021679101649214376,
      "capital_return": -0.02167910164921459,
      "score": 52.0,
      "timeframe": "unknown",
      "reason": "stop_loss",
      "capital_before": 92217804.63675429,
      "capital_after": 90218605.47616668
    },
    {
      "entry_price": 90345000.0,
      "entry_timestamp": "2024-08-01T05:00:00",
      "exit_price": 88454000.0,
      "exit_timestamp": "2024-08-03T01:00:00",
      "position": 0.99930048965724,
      "sell_revenue": 88330251.024283,
      "return_pct": -0.02093087608611434,
      "capital_return": -0.020930876086114256,
      "score": 52.0,
      "timeframe": "unknown",
      "reason": "stop_loss",
      "capital_before": 90218605.47616668,
      "capital_after": 88330251.024283
    },
    {
      "entry_price": 88454000.0,
      "entry_timestamp": "2024-08-03T01:00:00",
      "exit_price": 85884000.0,
      "exit_timestamp": "2024-08-03T21:00:00",
      "position": 0.99930048965724,
      "sell_revenue": 85763846.50744478,
      "return_pct": -0.029054649874511045,
      "capital_return": -0.029054649874511153,
      "score": 52.0,
      "timeframe": "unknown",
      "reason": "stop_loss",
      "capital_before": 88330251.024283,
      "capital_after": 85763846.50744478
    },
    {
      "entry_price": 85884000.0,
      "entry_timestamp": "2024-08-03T21:00:00",
      "exit_price": 83495000.0,
      "exit_timestamp": "2024-08-04T21:00:00",
      "position": 0.99930048965724,
      "sell_revenue": 83378188.76786251,
      "return_pct": -0.027816589818825392,
      "capital_return": -0.02781658981882514,
      "score": 52.0,
      "timeframe": "unknown",
      "reason": "stop_loss",
      "capital_before": 85763846.50744478,
      "capital_after": 83378188.76786251
    },
    {
      "entry_price": 83495000.0,
      "entry_timestamp": "2024-08-04T21:00:00",
      "exit_price": 77000000.0,
      "exit_timestamp": "2024-08-05T09:00:00",
      "position": 0.99930048965724,
      "sell_revenue": 76892275.40721495,
      "return_pct": -0.07778908916701599,
      "capital_return": -0.07778908916701613,
      "score": 52.0,
      "timeframe": "unknown",
      "reason": "stop_loss",
      "capital_before": 83378188.76786251,
      "capital_after": 76892275.40721495
    },
    {
      "entry_price": 77000000.0,
      "entry_timestamp": "2024-08-05T09:00:00",
      "exit_price": 74051000.0,
      "exit_timestamp": "2024-08-05T17:00:00",
      "position": 0.99930048965724,
      "sell_revenue": 73947401.11921655,
      "return_pct": -0.0382987012987013,
      "capital_return": -0.03829870129870139,
      "score": 52.0,
      "timeframe": "unknown",
      "reason": "stop_loss",
      "capital_before": 76892275.40721495,
      "capital_after": 73947401.11921655
    },
    {
      "entry_price": 74051000.0,
      "entry_timestamp": "2024-08-05T17:00:00",
      "exit_price": 78399000.0,
      "exit_timestamp": "2024-08-05T21:00:00",
      "position": 0.99930048965724,
      "sell_revenue": 78289318.17727591,
      "return_pct": 0.058716290124373745,
      "capital_return": 0.05871629012437383,
      "score": 52.0,
      "timeframe": "unknown",
      "reason": "take_profit",
      "capital_before": 73947401.11921655,
      "capital_after": 78289318.17727591
    },
    {
      "entry_price": 78399000.0,
      "entry_timestamp": "2024-08-05T21:00:00",
      "exit_price": 83600000.0,
      "exit_timestamp": "2024-08-08T21:00:00",
      "position": 0.99930048965724,
      "sell_revenue": 83483041.87069052,
      "return_pct": 0.06634013188943737,
      "capital_return": 0.06634013188943741,
      "score": 52.0,
      "timeframe": "unknown",
      "reason": "take_profit",
      "capital_before": 78289318.17727591,
      "capital_after": 83483041.87069052
    },
    {
      "entry_price": 83600000.0,
      "entry_timestamp": "2024-08-08T21:00:00",
      "exit_price": 81890000.0,
      "exit_timestamp": "2024-08-15T09:00:00",
      "position": 0.99930048965724,
      "sell_revenue": 81775434.19606276,
      "return_pct": -0.020454545454545454,
      "capital_return": -0.020454545454545517,
      "score": 52.0,
      "timeframe": "unknown",
      "reason": "stop_loss",
      "capital_before": 83483041.87069052,
      "capital_after": 81775434.19606276
    },
    {
      "entry_price": 81890000.0,
      "entry_timestamp": "2024-08-15T09:00:00",
      "exit_price": 86249000.0,
      "exit_timestamp": "2024-08-24T13:00:00",
      "position": 0.99930048965724,
      "sell_revenue": 86128335.86489458,
      "return_pct": 0.05322994260593479,
      "capital_return": 0.05322994260593488,
      "score": 52.0,
      "timeframe": "unknown",
      "reason": "take_profit",
      "capital_before": 81775434.19606276,
      "capital_after": 86128335.86489458
    },
    {
      "entry_price": 86249000.0,
      "entry_timestamp": "2024-08-24T13:00:00",
      "exit_price": 84408000.0,
      "exit_timestamp": "2024-08-27T05:00:00",
      "position": 0.99930048965724,
      "sell_revenue": 84289911.46197663,
      "return_pct": -0.02134517501652193,
      "capital_return": -0.021345175016521858,
      "score": 52.0,
      "timeframe": "unknown",
      "reason": "stop_loss",
      "capital_before": 86128335.86489458,
      "capital_after": 84289911.46197663
    },
    {
      "entry_price": 84408000.0,
      "entry_timestamp": "2024-08-27T05:00:00",
      "exit_price": 80950000.0,
      "exit_timestamp": "2024-08-28T05:00:00",
      "position": 0.99930048965724,
      "sell_revenue": 80836749.27550715,
      "return_pct": -0.04096768078855085,
      "capital_return": -0.040967680788550946,
      "score": 52.0,
      "timeframe": "unknown",
      "reason": "stop_loss",
      "capital_before": 84289911.46197663,
      "capital_after": 80836749.27550715
    },
    {
      "entry_price": 80950000.0,
      "entry_timestamp": "2024-08-28T05:00:00",
      "exit_price": 79301000.0,
      "exit_timestamp": "2024-09-01T21:00:00",
      "position": 0.99930048965724,
      "sell_revenue": 79190056.26061757,
      "return_pct": -0.020370599135268685,
      "capital_return": -0.020370599135268754,
      "score": 52.0,
      "timeframe": "unknown",
      "reason": "stop_loss",
      "capital_before": 80836749.27550715,
      "capital_after": 79190056.26061757
    },
    {
      "entry_price": 79301000.0,
      "entry_timestamp": "2024-09-01T21:00:00",
      "exit_price": 77200000.0,
      "exit_timestamp": "2024-09-04T09:00:00",
      "position": 0.99930048965724,
      "sell_revenue": 77091995.60307784,
      "return_pct": -0.026493991248534066,
      "capital_return": -0.026493991248534104,
      "score": 52.0,
      "timeframe": "unknown",
      "reason": "stop_loss",
      "capital_before": 79190056.26061757,
      "capital_after": 77091995.60307784
    },
    {
      "entry_price": 77200000.0,
      "entry_timestamp": "2024-09-04T09:00:00",
      "exit_price": 75484000.0,
      "exit_timestamp": "2024-09-06T13:00:00",
      "position": 0.99930048965724,
      "sell_revenue": 75378396.32257421,
      "return_pct": -0.022227979274611398,
      "capital_return": -0.022227979274611183,
      "score": 52.0,
      "timeframe": "unknown",
      "reason": "stop_loss",
      "capital_before": 77091995.60307784,
      "capital_after": 75378396.32257421
    },
    {
      "entry_price": 75484000.0,
      "entry_timestamp": "2024-09-06T13:00:00",
      "exit_price": 73458000.0,
      "exit_timestamp": "2024-09-06T21:00:00",
      "position": 0.99930048965724,
      "sell_revenue": 73355230.73848307,
      "return_pct": -0.026840125059615284,
      "capital_return": -0.02684012505961535,
      "score": 52.0,
      "timeframe": "unknown",
      "reason": "stop_loss",
      "capital_before": 75378396.32257421,
      "capital_after": 73355230.73848307
    },
    {
      "entry_price": 73458000.0,
      "entry_timestamp": "2024-09-06T21:00:00",
      "exit_price": 77303000.0,
      "exit_timestamp": "2024-09-10T01:00:00",
      "position": 0.99930048965724,
      "sell_revenue": 77194851.50394724,
      "return_pct": 0.05234283536170329,
      "capital_return": 0.052342835361703234,
      "score": 52.0,
      "timeframe": "unknown",
      "reason": "take_profit",
      "capital_before": 73355230.73848307,
      "capital_after": 77194851.50394724
    },
    {
      "entry_price": 77303000.0,
      "entry_timestamp": "2024-09-10T01:00:00",
      "exit_price": 81881000.0,
      "exit_timestamp": "2024-09-17T21:00:00",
      "position": 0.99930048965724,
      "sell_revenue": 81766446.78724892,
      "return_pct": 0.05922150498686985,
      "capital_return": 0.05922150498686975,
      "score": 52.0,
      "timeframe": "unknown",
      "reason": "take_profit",
      "capital_before": 77194851.50394724,
      "capital_after": 81766446.78724892
    },
    {
      "entry_price": 81881000.0,
      "entry_timestamp": "2024-09-17T21:00:00",
      "exit_price": 86130000.0,
      "exit_timestamp": "2024-09-26T21:00:00",
      "position": 0.99930048965724,
      "sell_revenue": 86009502.34835616,
      "return_pct": 0.051892380405710724,
      "capital_return": 0.05189238040571083,
      "score": 52.0,
      "timeframe": "unknown",
      "reason": "take_profit",
      "capital_before": 81766446.78724892,
      "capital_after": 86009502.34835616
    },
    {
      "entry_price": 86130000.0,
      "entry_timestamp": "2024-09-26T21:00:00",
      "exit_price": 83852000.0,
      "exit_timestamp": "2024-09-30T17:00:00",
      "position": 0.99930048965724,
      "sell_revenue": 83734689.31747778,
      "return_pct": -0.026448391965633346,
      "capital_return": -0.026448391965633283,
      "score": 52.0,
      "timeframe": "unknown",
      "reason": "stop_loss",
      "capital_before": 86009502.34835616,
      "capital_after": 83734689.31747778
    },
    {
      "entry_price": 83852000.0,
      "entry_timestamp": "2024-09-30T17:00:00",
      "exit_price": 81500000.0,
      "exit_timestamp": "2024-10-02T05:00:00",
      "position": 0.99930048965724,
      "sell_revenue": 81385979.81413011,
      "return_pct": -0.02804942040738444,
      "capital_return": -0.028049420407384534,
      "score": 52.0,
      "timeframe": "unknown",
      "reason": "stop_loss",
      "capital_before": 83734689.31747778,
      "capital_after": 81385979.81413011
    },
    {
      "entry_price": 81500000.0,
      "entry_timestamp": "2024-10-02T05:00:00",
      "exit_price": 84806000.0,
      "exit_timestamp": "2024-10-14T05:00:00",
      "position": 0.99930048965724,
      "sell_revenue": 84687354.65174378,
      "return_pct": 0.04056441717791411,
      "capital_return": 0.040564417177914126,
      "score": 52.0,
      "timeframe": "unknown",
      "reason": "timeout",
      "capital_before": 81385979.81413011,
      "capital_after": 84687354.65174378
    },
    {
      "entry_price": 84806000.0,
      "entry_timestamp": "2024-10-14T05:00:00",
      "exit_price": 89348000.0,
      "exit_timestamp": "2024-10-15T21:00:00",
      "position": 0.99930048965724,
      "sell_revenue": 89223000.29979016,
      "return_pct": 0.05355753130674716,
      "capital_return": 0.053557531306747244,
      "score": 52.0,
      "timeframe": "unknown",
      "reason": "take_profit",
      "capital_before": 84687354.65174378,
      "capital_after": 89223000.29979016
    },
    {
      "entry_price": 89348000.0,
      "entry_timestamp": "2024-10-15T21:00:00",
      "exit_price": 93901000.0,
      "exit_timestamp": "2024-10-21T05:00:00",
      "position": 0.99930048965724,
      "sell_revenue": 93769630.558609,
      "return_pct": 0.05095805166315978,
      "capital_return": 0.050958051663159865,
      "score": 52.0,
      "timeframe": "unknown",
      "reason": "take_profit",
      "capital_before": 89223000.29979016,
      "capital_after": 93769630.558609
    },
    {
      "entry_price": 93901000.0,
      "entry_timestamp": "2024-10-21T05:00:00",
      "exit_price": 91876000.0,
      "exit_timestamp": "2024-10-23T17:00:00",
      "position": 0.99930048965724,
      "sell_revenue": 91747463.57549717,
      "return_pct": -0.02156526554562784,
      "capital_return": -0.02156526554562791,
      "score": 52.0,
      "timeframe": "unknown",
      "reason": "stop_loss",
      "capital_before": 93769630.558609,
      "capital_after": 91747463.57549717
    },
    {
      "entry_price": 91876000.0,
      "entry_timestamp": "2024-10-23T17:00:00",
      "exit_price": 96851000.0,
      "exit_timestamp": "2024-10-29T01:00:00",
      "position": 0.99930048965724,
      "sell_revenue": 96715503.4475867,
      "return_pct": 0.054149070486307634,
      "capital_return": 0.0541490704863076,
      "score": 52.0,
      "timeframe": "unknown",
      "reason": "take_profit",
      "capital_before": 91747463.57549717,
      "capital_after": 96715503.4475867
    },
    {
      "entry_price": 96851000.0,
      "entry_timestamp": "2024-10-29T01:00:00",
      "exit_price": 94674000.0,
      "exit_timestamp": "2024-11-05T01:00:00",
      "position": 0.99930048965724,
      "sell_revenue": 94541549.11561908,
      "return_pct": -0.022477826764824318,
      "capital_return": -0.022477826764824307,
      "score": 52.0,
      "timeframe": "unknown",
      "reason": "stop_loss",
      "capital_before": 96715503.4475867,
      "capital_after": 94541549.11561908
    },
    {
      "entry_price": 94674000.0,
      "entry_timestamp": "2024-11-05T01:00:00",
      "exit_price": 102500000.0,
      "exit_timestamp": "2024-11-06T09:00:00",
      "position": 0.99930048965724,
      "sell_revenue": 102356600.3797342,
      "return_pct": 0.08266261064283753,
      "capital_return": 0.08266261064283757,
      "score": 52.0,
      "timeframe": "unknown",
      "reason": "take_profit",
      "capital_before": 94541549.11561908,
      "capital_after": 102356600.3797342
    },
    {
      "entry_price": 102500000.0,
      "entry_timestamp": "2024-11-06T09:00:00",
      "exit_price": 100402000.0,
      "exit_timestamp": "2024-11-06T13:00:00",
      "position": 0.99930048965724,
      "sell_revenue": 100261535.5251324,
      "return_pct": -0.02046829268292683,
      "capital_return": -0.020468292682927037,
      "score": 52.0,
      "timeframe": "unknown",
      "reason": "stop_loss",
      "capital_before": 102356600.3797342,
      "capital_after": 100261535.5251324
    },
    {
      "entry_price": 100402000.0,
      "entry_timestamp": "2024-11-06T13:00:00",
      "exit_price": 105508000.0,
      "exit_timestamp": "2024-11-08T17:00:00",
      "position": 0.99930048965724,
      "sell_revenue": 105360392.12551214,
      "return_pct": 0.050855560646202266,
      "capital_return": 0.05085556064620228,
      "score": 52.0,
      "timeframe": "unknown",
      "reason": "take_profit",
      "capital_before": 100261535.5251324,
      "capital_after": 105360392.12551214
    },
    {
      "entry_price": 105508000.0,
      "entry_timestamp": "2024-11-08T17:00:00",
      "exit_price": 110787000.0,
      "exit_timestamp": "2024-11-10T17:00:00",
      "position": 0.99930048965724,
      "sell_revenue": 110632006.69531329,
      "return_pct": 0.05003412063540205,
      "capital_return": 0.05003412063540218,
      "score": 52.0,
      "timeframe": "unknown",
      "reason": "take_profit",
      "capital_before": 105360392.12551214,
      "capital_after": 110632006.69531329
    },
    {
      "entry_price": 110787000.0,
      "entry_timestamp": "2024-11-10T17:00:00",
      "exit_price": 117143000.0,
      "exit_timestamp": "2024-11-11T21:00:00",
      "position": 0.99930048965724,
      "sell_revenue": 116979114.51983613,
      "return_pct": 0.057371352234467946,
      "capital_return": 0.05737135223446797,
      "score": 52.0,
      "timeframe": "unknown",
      "reason": "take_profit",
      "capital_before": 110632006.69531329,
      "capital_after": 116979114.51983613
    },
    {
      "entry_price": 117143000.0,
      "entry_timestamp": "2024-11-11T21:00:00",
      "exit_price": 124503000.0,
      "exit_timestamp": "2024-11-12T05:00:00",
      "position": 0.99930048965724,
      "sell_revenue": 124328817.7275907,
      "return_pct": 0.06282919167171748,
      "capital_return": 0.06282919167171742,
      "score": 52.0,
      "timeframe": "unknown",
      "reason": "take_profit",
      "capital_before": 116979114.51983613,
      "capital_after": 124328817.7275907
    },
    {
      "entry_price": 124503000.0,
      "entry_timestamp": "2024-11-12T05:00:00",
      "exit_price": 130990000.0,
      "exit_timestamp": "2024-11-20T17:00:00",
      "position": 0.99930048965724,
      "sell_revenue": 130806742.28040373,
      "return_pct": 0.05210316217279905,
      "capital_return": 0.0521031621727991,
      "score": 52.0,
      "timeframe": "unknown",
      "reason": "take_profit",
      "capital_before": 124328817.7275907,
      "capital_after": 130806742.28040373
    },
    {
      "entry_price": 130990000.0,
      "entry_timestamp": "2024-11-20T17:00:00",
      "exit_price": 138343000.0,
      "exit_timestamp": "2024-11-21T17:00:00",
      "position": 0.99930048965724,
      "sell_revenue": 138149455.2813031,
      "return_pct": 0.056134056034811815,
      "capital_return": 0.05613405603481184,
      "score": 52.0,
      "timeframe": "unknown",
      "reason": "take_profit",
      "capital_before": 130806742.28040373,
      "capital_after": 138149455.2813031
    },
    {
      "entry_price": 138343000.0,
      "entry_timestamp": "2024-11-21T17:00:00",
      "exit_price": 135200000.0,
      "exit_timestamp": "2024-11-23T21:00:00",
      "position": 0.99930048965724,
      "sell_revenue": 135010852.4033177,
      "return_pct": -0.022718894342323066,
      "capital_return": -0.022718894342323118,
      "score": 52.0,
      "timeframe": "unknown",
      "reason": "stop_loss",
      "capital_before": 138149455.2813031,
      "capital_after": 135010852.4033177
    },
    {
      "entry_price": 135200000.0,
      "entry_timestamp": "2024-11-23T21:00:00",
      "exit_price": 132301000.0,
      "exit_timestamp": "2024-11-24T21:00:00",
      "position": 0.99930048965724,
      "sell_revenue": 132115908.16428502,
      "return_pct": -0.02144230769230769,
      "capital_return": -0.021442307692307642,
      "score": 52.0,
      "timeframe": "unknown",
      "reason": "stop_loss",
      "capital_before": 135010852.4033177,
      "capital_after": 132115908.16428502
    },
    {
      "entry_price": 132301000.0,
      "entry_timestamp": "2024-11-24T21:00:00",
      "exit_price": 128749000.0,
      "exit_timestamp": "2024-11-26T17:00:00",
      "position": 0.99930048965724,
      "sell_revenue": 128568877.48575999,
      "return_pct": -0.026847869630615036,
      "capital_return": -0.02684786963061502,
      "score": 52.0,
      "timeframe": "unknown",
      "reason": "stop_loss",
      "capital_before": 132115908.16428502,
      "capital_after": 128568877.48575999
    },
    {
      "entry_price": 128749000.0,
      "entry_timestamp": "2024-11-26T17:00:00",
      "exit_price": 135873000.0,
      "exit_timestamp": "2024-11-29T21:00:00",
      "position": 0.99930048965724,
      "sell_revenue": 135682910.86239633,
      "return_pct": 0.055332468601697875,
      "capital_return": 0.055332468601697764,
      "score": 52.0,
      "timeframe": "unknown",
      "reason": "take_profit",
      "capital_before": 128568877.48575999,
      "capital_after": 135682910.86239633
    },
    {
      "entry_price": 135873000.0,
      "entry_timestamp": "2024-11-29T21:00:00",
      "exit_price": 132511000.0,
      "exit_timestamp": "2024-12-03T17:00:00",
      "position": 0.99930048965724,
      "sell_revenue": 132325614.36994106,
      "return_pct": -0.024743694479403562,
      "capital_return": -0.024743694479403503,
      "score": 52.0,
      "timeframe": "unknown",
      "reason": "stop_loss",
      "capital_before": 135682910.86239633,
      "capital_after": 132325614.36994106
    },
    {
      "entry_price": 132511000.0,
      "entry_timestamp": "2024-12-03T17:00:00",
      "exit_price": 144680000.0,
      "exit_timestamp": "2024-12-05T09:00:00",
      "position": 0.99930048965724,
      "sell_revenue": 144477589.68721896,
      "return_pct": 0.09183388548875188,
      "capital_return": 0.09183388548875189,
      "score": 52.0,
      "timeframe": "unknown",
      "reason": "take_profit",
      "capital_before": 132325614.36994106,
      "capital_after": 144477589.68721896
    },
    {
      "entry_price": 144680000.0,
      "entry_timestamp": "2024-12-05T09:00:00",
      "exit_price": 139668000.0,
      "exit_timestamp": "2024-12-06T01:00:00",
      "position": 0.99930048965724,
      "sell_revenue": 139472601.57889476,
      "return_pct": -0.034641968482167544,
      "capital_return": -0.034641968482167725,
      "score": 52.0,
      "timeframe": "unknown",
      "reason": "stop_loss",
      "capital_before": 144477589.68721896,
      "capital_after": 139472601.57889476
    },
    {
      "entry_price": 139668000.0,
      "entry_timestamp": "2024-12-06T01:00:00",
      "exit_price": 147105000.0,
      "exit_timestamp": "2024-12-15T17:00:00",
      "position": 0.99930048965724,
      "sell_revenue": 146899197.06205657,
      "return_pct": 0.053247701692585275,
      "capital_return": 0.05324770169258542,
      "score": 52.0,
      "timeframe": "unknown",
      "reason": "take_profit",
      "capital_before": 139472601.57889476,
      "capital_after": 146899197.06205657
    },
    {
      "entry_price": 147105000.0,
      "entry_timestamp": "2024-12-15T17:00:00",
      "exit_price": 154937000.0,
      "exit_timestamp": "2024-12-17T09:00:00",
      "position": 0.99930048965724,
      "sell_revenue": 154720239.93204758,
      "return_pct": 0.05324088236293804,
      "capital_return": 0.05324088236293802,
      "score": 52.0,
      "timeframe": "unknown",
      "reason": "take_profit",
      "capital_before": 146899197.06205657,
      "capital_after": 154720239.93204758
    },
    {
      "entry_price": 154937000.0,
      "entry_timestamp": "2024-12-17T09:00:00",
      "exit_price": 147754000.0,
      "exit_timestamp": "2024-12-19T05:00:00",
      "position": 0.99930048965724,
      "sell_revenue": 147547289.09763166,
      "return_pct": -0.0463607788972292,
      "capital_return": -0.04636077889722922,
      "score": 52.0,
      "timeframe": "unknown",
      "reason": "stop_loss",
      "capital_before": 154720239.93204758,
      "capital_after": 147547289.09763166
    },
    {
      "entry_price": 147754000.0,
      "entry_timestamp": "2024-12-19T05:00:00",
      "exit_price": 141008000.0,
      "exit_timestamp": "2024-12-20T17:00:00",
      "position": 0.99930048965724,
      "sell_revenue": 140810726.8911762,
      "return_pct": -0.0456569703696685,
      "capital_return": -0.04565697036966842,
      "score": 52.0,
      "timeframe": "unknown",
      "reason": "stop_loss",
      "capital_before": 147547289.09763166,
      "capital_after": 140810726.8911762
    },
    {
      "entry_price": 141008000.0,
      "entry_timestamp": "2024-12-20T17:00:00",
      "exit_price": 148138000.0,
      "exit_timestamp": "2024-12-21T05:00:00",
      "position": 0.99930048965724,
      "sell_revenue": 147930751.87368843,
      "return_pct": 0.05056450697832747,
      "capital_return": 0.05056450697832742,
      "score": 52.0,
      "timeframe": "unknown",
      "reason": "take_profit",
      "capital_before": 140810726.8911762,
      "capital_after": 147930751.87368843
    },
    {
      "entry_price": 148138000.0,
      "entry_timestamp": "2024-12-21T05:00:00",
      "exit_price": 144905000.0,
      "exit_timestamp": "2024-12-22T21:00:00",
      "position": 0.99930048965724,
      "sell_revenue": 144702274.90756473,
      "return_pct": -0.021824244960779813,
      "capital_return": -0.021824244960779723,
      "score": 52.0,
      "timeframe": "unknown",
      "reason": "stop_loss",
      "capital_before": 147930751.87368843,
      "capital_after": 144702274.90756473
    },
    {
      "entry_price": 144905000.0,
      "entry_timestamp": "2024-12-22T21:00:00",
      "exit_price": 141754000.0,
      "exit_timestamp": "2024-12-23T21:00:00",
      "position": 0.99930048965724,
      "sell_revenue": 141555683.2217448,
      "return_pct": -0.02174528139125634,
      "capital_return": -0.02174528139125632,
      "score": 52.0,
      "timeframe": "unknown",
      "reason": "stop_loss",
      "capital_before": 144702274.90756473,
      "capital_after": 141555683.2217448
    },
    {
      "entry_price": 141754000.0,
      "entry_timestamp": "2024-12-23T21:00:00",
      "exit_price": 138550000.0,
      "exit_timestamp": "2024-12-30T13:00:00",
      "position": 0.99930048965724,
      "sell_revenue": 138356165.6840212,
      "return_pct": -0.022602536789085317,
      "capital_return": -0.022602536789085366,
      "score": 52.0,
      "timeframe": "unknown",
      "reason": "stop_loss",
      "capital_before": 141555683.2217448,
      "capital_after": 138356165.6840212
    },
    {
      "entry_price": 138550000.0,
      "entry_timestamp": "2024-12-30T13:00:00",
      "exit_price": 137123000.0,
      "exit_timestamp": "2024-12-30T21:00:00",
      "position": 0.99930048965724,
      "sell_revenue": 136931162.08653942,
      "return_pct": -0.0102995308552869,
      "capital_return": -0.010299530855287075,
      "score": 52.0,
      "timeframe": "unknown",
      "reason": "backtest_end",
      "capital_before": 138356165.6840212,
      "capital_after": 136931162.08653942
    }
  ]
}